3574 5942
440 482 739 537 oassavfflosss
758 479 1047 534 EPIGRAPHICAE.

223 879 416 942 XXXVIII.
464 881 647 942 MILITVM
677 877 1022 940 PROVINCIALIVM
1053 877 1251 937 PATRIAE.

124 1071 203 1146 Quod
223 1073 309 1132 multi
333 1091 373 1133 ex
394 1075 489 1133 multo
512 1084 646 1152 tempore
667 1074 922 1146 desideraverunt,
946 1083 980 1131 ut
1001 1073 1116 1148 patriae
1139 1072 1264 1130 militnm
1287 1089 1405 1147 compo·

91 1185 189 1246 uanmr,
214 1193 282 1234 cnm
305 1177 376 1234 inde
398 1179 511 1237 tamin
534 1177 661 1236 dilectus
683 1177 809 1235 formam
833 1177 940 1234 aetatis
963 1174 1173 1251 Imperatoriae
1194 1192 1283 1250 quarn
1306 1175 1336 1230 in
1359 1174 1406 1231 ius

91 1295 263 1352 personarum
293 1297 454 1355 rerumque
480 1280 665 1357 publicarum
693 1278 877 1353 aliquantam
903 1277 978 1334 lucis
1001 1276 1232 1334 redundaturum
1255 1293 1324 1335 esse
1346 1275 1406 1332 for·

91 1387 157 1437 tasse
176 1397 232 1438 noo
254 1379 322 1438 sine
344 1399 438 1440 causa
459 1391 605 1458 speretur,
627 1381 659 1438 id
681 1379 836 1438 laterculis
857 1378 1001 1437 subiectis
1023 1397 1082 1436 non
1104 1378 1257 1455 perficitur
1276 1377 1405 1452 quidem,

91 1500 133 1538 uec
151 1489 224 1540 recte
245 1483 351 1558 perfici
374 1484 485 1558 poterit
506 1483 563 1542 nisi
586 1483 705 1560 sylloge
726 1480 951 1556 inscriptionum
968 1479 1154 1552 Latinarum,
1177 1479 1316 1554 aquibus
1332 1479 1407 1536 haec

90 1581 240 1658 disquisitio
268 1592 332 1642 tota
359 1584 421 1642 fere
447 1585 569 1660 pendet,
598 1583 760 1661 aliquando
787 1582 934 1641 absoluta.
984 1579 1045 1642 Sed
1071 1582 1165 1639 donec
1191 1580 1305 1657 publici
1331 1580 1405 1639 iuris

89 1683 167 1742 lanae
187 1693 275 1744 mant
295 1703 371 1762 quas
395 1686 492 1745 adhuc
513 1703 601 1762 aegre
623 1686 840 1754 desideramus,
861 1684 969 1742 ltaliae
990 1683 1105 1741 mediae
1127 1689 1157 1739 et
1177 1680 1405 1741 Germaniarum

89 1787 247 1861 praesertim
269 1787 482 1863 inscriptiones
504 1796 534 1846 et
553 1789 602 1846 his
625 1787 821 1865 superstructi
843 1786 959 1844 indices
978 1785 1116 1844 meliores
1134 1793 1163 1842 et
1177 1785 1327 1859 pleniores
1343 1783 1406 1840 ela·

87 1887 263 1962 borsbuntur,
285 1889 405 1948 interim
428 1909 467 1948 ex
488 1889 536 1949 his
559 1907 677 1966 quoque
699 1889 881 1967 prolicietur.
918 1886 1052 1944 Adhibui
1075 1887 1113 1944 ad
1135 1886 1337 1945 conficiendos
1353 1902 1405 1943 eos

88 1989 204 2048 subsidia
223 2000 257 2050 et
277 1991 448 2050 communia
469 1992 600 2050 omnium
624 2001 654 2049 et
674 2011 710 2051 ea
724 2009 853 2068 quorum
869 1989 940 2047 mihi
957 1989 1043 2065 copia
1057 2007 1111 2064 per
1127 1991 1238 2048 amicos
1253 1988 1334 2047 iacta
1349 1995 1405 2059 est,

87 2093 243 2164 praesertim
266 2111 321 2152 eos
343 2093 422 2170 apud
445 2111 521 2168 quos
544 2093 672 2152 schedae
695 2093 894 2151 adservantur
915 2099 1037 2168 paratae
1060 2091 1096 2148 ad
1119 2091 1316 2166 perficiendas
1337 2108 1406 2164 par-

88 2201 123 2248 tes
142 2193 275 2272 syllegae
297 2203 420 2253 nostrae
442 2195 572 2254 nondum
594 2194 705 2271 publici
726 2195 801 2252 iuris
823 2193 931 2265 factus,
953 2192 1121 2269 Eugenium
1144 2191 1305 2264 Bormann,
1329 2189 1404 2248 Her·

88 2311 209 2354 monam
224 2296 359 2370 Dessau,
383 2295 524 2356 Ottoncm
543 2295 725 2355 Hirschfeld.
763 2295 876 2354 Eorum
900 2295 1049 2354 adiutorio
1071 2294 1259 2369 potissImum
1281 2291 1406 2349 debetur
1446 2359 1450 2366 Ι

87 2395 161 2469 quod,
181 2405 213 2456 nt
234 2398 359 2457 dubium
374 2417 434 2456 non
450 2379 497 2457 est
511 2399 658 2475 quaedam
674 2397 788 2455 omissa
803 2415 881 2470 esse,
901 2415 977 2473 quae
992 2395 1061 2454 addi
1077 2402 1238 2472 potuerunt
1252 2401 1282 2452 et
1297 2395 1404 2452 debue-

87 2509 150 2568 rant,
168 2499 211 2558 ita
232 2517 293 2558 noo
316 2501 411 2558 multa
432 2500 548 2559 confido
570 2499 736 2558 desiderari
759 2518 861 2558 eorum
884 2517 960 2575 quae
975 2498 1064 2556 hodie
1081 2506 1152 2555 nota
1166 2505 1245 2556 sunt.
1281 2496 1405 2554 Patriae

88 2597 193 2658 militnm
214 2601 321 2679 paucis
344 2602 479 2678 exeeptis
507 2619 566 2660 non
593 2602 693 2676 recepi
719 2601 776 2660 nisi
805 2600 915 2660 diserte
941 2601 971 2657 in
1000 2598 1095 2657 titulis
1123 2600 1308 2670 enuntiatas3
1336 2617 1404 2657 nam

87 2697 143 2757 licet
162 2717 378 2778 saepenumero
401 2703 485 2762 locus
506 2703 583 2762 tituli
604 2702 717 2763 inventi
741 2721 795 2780 pro
818 2701 916 2779 patria
937 2701 1067 2759 defuncti
1091 2701 1183 2776 accipi
1207 2701 1314 2776 possit,
1337 2719 1404 2758 cnm

85 2798 173 2859 intali
193 2823 227 2862 re
248 2804 336 2864 facile
358 2805 453 2862 errori
475 2805 559 2864 locus
583 2805 624 2862 sit
645 2822 739 2880 neque
758 2805 846 2862 huius
862 2803 1098 2862 commentarioli
1114 2803 1212 2861 forma
1226 2802 1405 2878 disputatio-

85 2919 139 2959 nem
159 2901 307 2980 admittat,
330 2907 395 2965 eius
418 2907 535 2983 generIs
558 2905 662 2965 titulos
683 2905 841 2965 excludere
856 2905 947 2963 malni
962 2922 1050 2981 quam
1067 2904 1166 2963 dubiis
1182 2913 1261 2962 certa
1275 2905 1403 2962 turbare.

85 3001 283 3081 Proponuntnr
304 3008 489 3067 collectanea
510 3008 609 3067 forma
630 3007 757 3083 simplici
780 3006 1011 3078 laterculorum3
1039 3023 1116 3082 quos
1142 3015 1175 3064 ut
1201 3006 1318 3064 diluant
1339 3026 1404 3064 ver·

84 3102 173 3164 borum
194 3109 373 3186 ambagibus
396 3121 426 3169 et
447 3109 566 3168 libellos
593 3108 725 3168 librosve
746 3108 815 3168 inde
841 3108 971 3167 efficiant
997 3109 1116 3166 nomine
1144 3109 1281 3183 specioso
1310 3108 1405 3184 magis

85 3223 159 3281 quam
178 3209 259 3270 iusto
282 3211 426 3270 historiae
448 3211 601 3289 legionum
622 3211 839 3270 auxiliorumve
862 3210 1043 3269 classiumve
1065 3218 1198 3283 ornatos,
1225 3211 1293 3269 aliis
1316 3209 1404 3269 relin-

86 3325 142 3384 quo.
182 3311 250 3390 Ego
271 3313 425 3389 quomodo
448 3331 510 3372 rem
532 3311 706 3384 ordinarim‚
726 3313 859 3370 breviter
880 3312 1048 3388 explicabo.

117 3411 161 3470 sd
174 3413 293 3472 Italiam
315 3414 429 3473 indices
451 3414 482 3472 hi
505 3421 630 3474 eatenus
652 3415 856 3472 tantummodo
878 3414 1065 3490 perveniunt,
1087 3413 1166 3490 quod
1188 3414 1219 3472 in
1240 3414 1335 3472 altero
1350 3414 1405 3471 mi-

84 3507 140 3570 lites
162 3512 320 3592 legionarii
349 3524 411 3574 tam
438 3516 537 3574 Italici
565 3534 654 3593 qnam
680 3515 881 3592 provinciales
908 3525 1117 3587 recensentur3
1150 3515 1294 3573 eiusmodi
1327 3515 1404 3573 enirn

84 3609 213 3674 laterculo
236 3617 285 3694 qni
308 3617 340 3676 in
363 3618 500 3677 dilectum
528 3618 655 3676 militum
682 3618 789 3676 aetatis
818 3619 1028 3694 imperatoriae
1054 3617 1179 3694 inquirit
1205 3616 1288 3676 nullo
1314 3615 1403 3674 modo

84 3729 168 3774 carere
187 3725 296 3794 potest.
339 3719 463 3778 Italicos
485 3739 522 3778 ex
545 3720 711 3795 praetorio,
736 3720 808 3777 item
831 3719 997 3778 cohortium
1020 3720 1198 3778 urbanarum
1221 3718 1404 3794 vigilumque

85 3816 203 3890 squidem
225 3839 284 3879 uon
306 3821 504 3899 collegeram3
526 3841 594 3880 nam
618 3829 651 3878 ut
668 3822 906 3880 testimoniorum
921 3821 985 3878 eius
1000 3821 1116 3896 generis
1138 3838 1282 3879 numerus
1309 3819 1404 3877 maior

84 3929 132 3990 est,
155 3920 196 3979 ita
216 3921 330 3981 utilitas
353 3923 451 3982 minor
473 3941 569 3998 neque
592 3923 695 3982 eadem
723 3922 895 3999 disputandi
922 3922 1029 3981 forma.
1078 3921 1127 3980 De
1148 3923 1213 3979 iure
1240 3921 1319 3979 enim
1342 3928 1403 3979 tarn

85 4035 264 4092 personarum
286 4042 376 4099 quam
400 4025 589 4100 populorum,
611 4024 693 4100 quod
715 4024 752 4081 ad
775 4024 896 4082 Italiam
919 4024 1034 4094 attinet,
1057 4033 1181 4082 eatenus
1203 4032 1318 4081 tantum
1341 4041 1404 4079 anr-

84 4117 192 4196 ligitur,
222 4125 304 4200 quod
331 4144 390 4201 quo
419 4135 551 4202 tempore
580 4135 610 4184 et
636 4133 783 4201 quatenus
808 4127 840 4184 iu
866 4125 985 4201 legione
1013 4125 1083 4182 Itali
1115 4144 1229 4183 merere
1262 4123 1406 4182 desierint

84 4231 162 4281 restat
181 4227 397 4301 quaerendum
425 4228 476 4310 oni·
491 4227 676 4304 indagationi
698 4246 776 4302 quae
798 4228 829 4284 in
851 4227 945 4284 altero
968 4227 1065 4284 indice
1088 4227 1241 4302 composui
1265 4224 1403 4284 sufficere

84 4321 137 4380 risa
157 4335 230 4386 sunt.
281 4325 344 4388 Sed
366 4339 465 4388 tamen
488 4348 553 4388 cum
577 4328 710 4388 Oscaras
731 4327 820 4386 Bohn
842 4329 915 4386 haec
937 4335 1042 4403 parata
1064 4328 1187 4385 haberet
1208 4345 1267 4384 non
1289 4327 1404 4384 inserta

84 4441 163 4498 uupm
183 4429 219 4486 ab
235 4429 306 4506 ipso
326 4430 409 4489 edito
424 4431 636 4489 commentario
652 4448 740 4504 srpra
754 4449 782 4506 p.
799 4431 855 4488 135
872 4430 974 4500 citato,
996 4448 1058 4487 non
1072 4429 1314 4488 committendum
1330 4427 1404 4485 duxi

84 4531 109 4580 vt
127 4531 277 4590 occasione
300 4551 338 4591 ne
361 4539 473 4604 uterer,
501 4541 532 4590 et
557 4532 645 4589 facile
673 4532 711 4589 ab
738 4549 773 4589 eo
801 4531 972 4606 impetravi,
1001 4538 1034 4588 ut
1059 4530 1220 4589 laterculos
1248 4547 1300 4588 eos
1327 4530 1402 4588 meis

84 4625 192 4688 sdderet
211 4631 302 4706 (inira
322 4652 352 4710 p.
370 4631 455 4708 250).
496 4632 532 4690 In
553 4633 682 4692 indicem
699 4642 797 4690 autem
813 4633 986 4707 primarium
1001 4633 1116 4708 patrias
1132 4632 1258 4690 militum
1273 4638 1403 4689 tantum-

84 4729 159 4788 modo
180 4734 377 4808 provinciales
401 4733 521 4806 admisi,
548 4735 580 4794 in
601 4735 764 4812 provinciis
785 4733 977 4792 recensendis
1001 4743 1120 4793 secutus
1144 4733 1278 4792 ordinem
1301 4731 1403 4790 enchi-

85 4827 141 4888 ridii
161 4831 406 4912 linquardtiani.

117 4931 237 4994 liilitum
264 4937 379 5012 patrias
402 4935 524 5015 collegi,
551 4938 641 4996 omisi
663 4937 769 4996 ducum
796 4946 827 4995 et
852 4937 1092 5012 praepositorum
1115 4955 1181 4994 cum
1204 4932 1346 4994 senatorii
1374 4942 1403 4992 et

84 5036 216 5105 equestria
236 5039 351 5098 ordinis
371 5051 433 5098 tum
457 5039 661 5098 centurionum
683 5040 815 5116 peditum
838 5045 868 5096 et
890 5039 1022 5113 equitum
1037 5038 1241 5108 decurionum3
1265 5055 1334 5094 nam
1357 5036 1402 5093 di-

83 5129 177 5208 lectas,
199 5137 234 5196 ad
255 5157 343 5217 quem
364 5141 505 5200 universa
519 5142 657 5217 quaestio
672 5141 758 5215 redit,
781 5140 818 5198 ad
833 5140 902 5198 illos
918 5158 978 5199 non
990 5141 1136 5217 pervenit,
1158 5140 1197 5197 ad
1212 5139 1401 5198 centuriones
