3524 5932
451 517 754 573 ousanvarmnus
781 519 1066 572 aeronnrnrcsu.
1352 494 1424 566 643

86 698 219 758 minutas
243 696 394 773 sportulas
417 695 552 773 flagitare
581 688 715 772 (gatula
736 687 826 778 arripare
855 685 960 777 μὲτριον
985 685 1033 752 ucri
1060 687 1183 775 αἷσχρόν
1210 681 1427 773 εἷσπροῖττοιισιν

86 795 121 880 ἐξ
144 791 309 883 ἇκιρμῖας),
337 798 391 857 sed
413 798 502 856 etiam
524 799 657 858 chartam
679 798 841 876 pessimam
863 798 1006 874 praebere
1030 789 1150 880 (χόρτον
1183 829 1224 839 -
1257 795 1358 854 fenum
1387 825 1428 836 -

86 892 148 960 cirri
175 893 293 983 χάρτου
316 890 466 982 ιγράμμασι
489 891 615 976 φαύλοις
635 889 683 958 ael
704 891 801 957 narina
824 885 936 971 ἕξουσιν
958 893 1125 974 ἐκδιδοῦσι).
1162 898 1297 957 Eiulanti
1320 915 1427 972 excep·

84 1007 146 1065 tori
169 1005 222 1082 qui
243 1004 301 1062 tuit
322 1011 353 1061 et
374 1003 517 1080 temporis
540 1005 599 1062 acti
621 1003 669 1061 vel
693 1003 792 1080 potius
815 1003 1016 1080 sportularum
1038 1011 1210 1060 exacturum
1225 1000 1377 1060 laudatori
1390 1017 1429 1058 ne

84 1108 176 1168 tidem
198 1108 320 1178 habeas,
343 1105 471 1165 edictum
494 1105 665 1164 Mariseiani
689 1106 817 1164 ostendit
840 1124 893 1180 per
916 1104 975 1162 duo
998 1112 1077 1163 certe
1100 1105 1223 1163 saecula
1245 1113 1312 1162 ante
1333 1101 1427 1160 canti·

85 1210 172 1268 lenas
200 1209 269 1268 illas
298 1209 428 1286 scriptas
451 1209 621 1267 chartarum
645 1209 780 1284 partibus
803 1209 981 1267 traditurum
1007 1208 1045 1266 ab
1068 1207 1279 1283 exceptoribus
1301 1204 1428 1281 pretium

87 1323 229 1370 exactum
252 1328 329 1370 esse.
355 1343 391 1354 -
420 1311 545 1370 Chartae
564 1313 687 1369 maiores
709 1320 741 1367 ut
762 1311 818 1368 hoc
840 1310 905 1368 loco
928 1317 1040 1369 certum
1064 1326 1158 1386 genus
1181 1309 1361 1387 significant,
1386 1307 1430 1365 ita

86 1415 168 1492 apud
192 1413 358 1472 Martialem
385 1413 436 1486 14,
463 1414 563 1471 10.11
589 1413 665 1473 inter
687 1412 747 1471 alia
768 1431 847 1488 quae
869 1413 910 1471 ibi
932 1411 1082 1470 alternant
1108 1413 1234 1470 meliora
1263 1421 1292 1468 et
1319 1409 1428 1468 viliora

87 1517 148 1575 dno
172 1534 291 1592 quoque
313 1532 424 1591 genera
446 1516 615 1574 chartarum
637 1517 723 1574 iuxta
745 1525 896 1591 ponuntur
918 1517 1039 1574 maiorm
1067 1521 1097 1573 et
1124 1514 1302 1591 epistulares.
1345 1511 1428 1570 Lati·

87 1617 160 1678 tudo
186 1617 313 1694 paginae
336 1636 403 1677 cum
425 1619 457 1676 in
478 1617 602 1696 papyris
624 1617 666 1675 ita
689 1617 818 1687 differat,
841 1626 873 1675 ut
894 1617 954 1675 duo
976 1635 1086 1694 genera
1109 1616 1175 1675 sola
1196 1635 1250 1692 per
1269 1634 1335 1674 eam
1350 1613 1428 1673 citici

86 1728 252 1796 nequeant,
285 1721 394 1798 papyri
421 1729 520 1778 autem
549 1738 625 1797 quae
651 1726 813 1799 supersunt
839 1719 917 1778 altae
944 1718 1003 1778 sint
1034 1727 1087 1777 aut
1118 1729 1193 1777 cent.
1214 1717 1346 1776 20-25
1377 1721 1429 1774 aut
1478 1759 1481 1764 -

86 1831 166 1882 cent.
185 1817 358 1898 30-35¹)‚
387 1828 468 1880 recte
490 1822 721 1900 appellabuntur
741 1822 870 1881 minores
892 1821 972 1893 illae,
995 1821 1051 1880 hae
1073 1820 1213 1879 maiores.
1257 1819 1293 1878 In
1315 1818 1429 1896 generi·

86 1925 145 1984 bus
168 1925 333 2003 pretiisque
353 1942 536 2001 papyrorum
559 1944 741 2002 quamquam
768 1934 904 1984 auctores
931 1923 969 1982 ad
995 1923 1183 1982 latitudinem
1212 1923 1309 1980 solam
1336 1929 1430 1980 atten-

87 2029 173 2100 dunt,
197 2027 275 2086 ratio
297 2026 433 2102 requirit,
463 2033 496 2084 ut
518 2026 685 2085 altitudinis
705 2045 825 2104 quoque
846 2025 1006 2086 diversitas
1029 2033 1089 2084 tam
1112 2025 1149 2083 ad
1173 2025 1318 2084 vocabula
1339 2042 1429 2101 quam

88 2131 126 2187 ad
150 2130 251 2206 pretia
273 2146 331 2186 nou
352 2130 451 2186 minus
473 2131 659 2205 pertinuerit.

131 2229 278 2290 Venimus
305 2230 343 2288 ad
370 2230 499 2289 libellos.
550 2230 734 2291 Libellensis
763 2250 829 2291 cum
856 2231 935 2290 idem
962 2237 991 2290 et
1018 2230 1298 2290 subscribendarins
1328 2229 1430 2307 appel·

87 2335 168 2394 letur
190 2341 220 2392 et
240 2331 524 2410 regerendariusl),
553 2335 674 2393 omnino
696 2334 727 2392 id
748 2333 938 2410 potissimum
962 2343 1059 2404 curat,
1087 2339 1120 2391 ut
1141 2332 1251 2392 libellis
1274 2350 1348 2407 quos
1371 2331 1431 2407 pri-

89 2437 151 2495 vati
180 2435 369 2512 magistratui
397 2436 518 2494 tradant
545 2437 713 2495 subscribat
739 2453 772 2495 se
798 2453 850 2494 eoa
877 2436 1030 2511 accepisse
1058 2436 1106 2494 die
1132 2434 1202 2506 illo;
1237 2443 1267 2493 et
1292 2435 1432 2493 convenit

88 2539 209 2598 modica
230 2537 356 2597 duorum
378 2537 545 2596 modiorum
568 2538 599 2596 in
621 2557 680 2597 uuo
702 2538 805 2596 libello
828 2537 994 2596 retributio.
1044 2537 1112 2596 Hoc
1138 2555 1210 2595 cave
1237 2544 1353 2595 statuas
1380 2536 1430 2612 qui

88 2643 163 2700 haec
185 2640 306 2716 scripsit
327 2639 504 2699 iudiciorum
526 2659 592 2699 eum
619 2639 679 2698 duo
705 2658 815 2717 genera
840 2639 1024 2718 distinguere
1051 2639 1196 2712 voluisse,
1226 2639 1352 2698 alterum
1379 2656 1434 2713 per

88 2743 338 2821 postulationem,
367 2761 444 2818 quae
467 2743 567 2803 verbis
589 2743 623 2801 tit
644 2743 724 2820 apud
747 2751 814 2802 acta
835 2749 939 2800 orante
966 2742 1126 2814 advocato,
1154 2741 1301 2801 scribente
1323 2759 1431 2817 excep·

89 2857 166 2919 tore,
191 2843 318 2904 alterurn
341 2865 395 2922 per
415 2844 549 2904 libellum
573 2845 715 2922 scriptum
738 2864 757 2902 a
778 2845 896 2924 privato
918 2844 1051 2920 praesidi
1073 2843 1235 2902 exhibitum
1258 2854 1288 2901 et
1309 2864 1328 2903 a
1348 2843 1433 2902 libel-

89 2949 170 3008 lcnsi
194 2946 403 3023 subscriptum.
447 2945 525 3006 Nam
549 2948 625 3006 hanc
646 2948 747 3006 iudicii
770 2947 927 3006 ordinandi
954 2947 1081 3006 formam
1108 2965 1176 3004 cum
1204 2954 1322 3005 constet
1342 2945 1433 3004 Iusti·

90 3051 175 3110 niani
202 3061 336 3126 tempore
368 3049 590 3126 obtinuisse³),
623 3050 661 3107 ad
689 3050 797 3109 Iuliani
827 3059 954 3109 aetatem
982 3069 1052 3108 num
1083 3049 1248 3108 adscendet
1274 3047 1434 3108 admodum

91 3155 218 3212 dubium
242 3161 297 3224 est,
324 3161 355 3210 et
376 3152 505 3211 edictum
527 3153 558 3210 id
580 3159 612 3212 ut
633 3161 801 3212 statuamus
824 3152 908 3210 nullo
931 3153 1019 3212 modo
1041 3151 1129 3228 cogit.
1182 3149 1261 3212 Sane
1280 3151 1434 3210 Mariacia·

91 3275 151 3314 nus
175 3255 228 3313 vix
250 3254 394 3332 cogitavit
416 3253 453 3312 de
474 3253 583 3314 libellis
604 3254 636 3313 in
658 3255 828 3314 universum
852 3255 983 3330 praesidi
1012 3253 1168 3327 exhibitis,
1199 3253 1250 3314 sed
1276 3255 1333 3312 hoc
1360 3271 1435 3329 quo-

92 3378 152 3434 que
175 3363 266 3434 caput
287 3365 320 3414 ut
341 3356 458 3432 reliqna
479 3357 581 3415 omnia
608 3357 645 3414 ad
673 3358 739 3416 lites
768 3359 899 3434 privatas
927 3358 1068 3435 pertinet3
1097 3363 1128 3415 at
1155 3357 1245 3414 etiam
1271 3355 1434 3414 secundum

92 3461 287 3520 vetustiorem
310 3459 436 3518 formam
459 3478 562 3518 earum
583 3479 642 3518 non
666 3479 733 3518 raro
756 3460 851 3518 libelli
874 3460 1042 3518 offeruntur
1068 3459 1214 3536 praesidi,
1243 3466 1275 3516 ut
1302 3457 1436 3534 appella·

93 3563 163 3623 torii
187 3569 216 3621 et
237 3562 418 3635 refutatorii,
445 3581 541 3640 neque
563 3562 724 3641 quicquam
747 3562 882 3639 impedit,
909 3561 1067 3638 quominus
1089 3562 1126 3621 de
1148 3561 1195 3619 his
1218 3568 1321 3620 auctor
1347 3559 1435 3618 edicti

93 3665 245 3744 cogitarit.

180 3767 288 3827 Restat
310 3767 513 3843 sportularum
536 3767 671 3826 definitio
694 3785 753 3825 non
771 3768 951 3845 pecuniaria,
975 3767 1030 3826 sed
1044 3766 1249 3837 frumentaria,
1273 3765 1370 3841 primo
1385 3763 1435 3823 ad·

93 3877 202 3947 spectu
223 3869 301 3928 mira
321 3888 376 3928 nec
397 3869 516 3928 rediens
542 3869 622 3944 quod
650 3870 741 3928 sciam
768 3870 799 3928 iu
826 3869 886 3928 ullo
914 3869 1093 3928 documento
1122 3867 1226 3941 simili,
1256 3868 1308 3926 sed
1336 3887 1436 3926 rerum

93 3971 266 4031 condicioni
289 3989 366 4047 quae
387 3981 451 4030 tum
477 3971 536 4030 fuit
564 3972 742 4048 legibusque
769 3973 858 4049 plane
885 3972 1076 4031 conveniens.
1125 3971 1292 4046 Postquam
1318 3969 1437 4029 labente

154 4203 180 4266 ¹)
198 4202 257 4253 Birt
276 4201 325 4253 dua
343 4202 428 4254 aetite
440 4201 592 4255 Baclraesen
613 4221 637 4270 p.
653 4206 715 4255 272.
748 4205 822 4255 Idem
840 4205 880 4254 vir
899 4205 988 4256 doctus
1007 4210 1150 4270 opportuna
1170 4203 1304 4254 admonuit
1323 4217 1364 4253 me
1384 4203 1438 4268 epi·

94 4303 270 4362 grammatum
289 4296 418 4347 Martialis
438 4312 517 4362 supra
535 4298 720 4362 adlegatorum,
740 4296 772 4347 ‹le
792 4297 885 4362 quibus
904 4299 959 4362 ipse
979 4298 1031 4362 egit
1048 4297 1066 4347 l.
1080 4314 1102 4347 c.
1121 4314 1147 4363 p.
1162 4295 1205 4347 rt.

154 4387 180 4452 Ι>
199 4388 487 4454 Bathmanu-Hollweg
506 4385 675 4457 Cirilprocesa
695 4388 710 4438 3
731 4389 833 4455 p.153.
865 4390 892 4440 Is
911 4405 964 4440 nou
983 4389 1059 4440 video
1079 4405 1124 4439 cnr
1141 4389 1220 4438 fidem
1237 4395 1311 4454 neget
1322 4388 1439 4439 Notitiae

95 4481 253 4546 dignitatum
278 4481 323 4533 Or.
338 4483 381 4544 37,
403 4481 438 4532 50
461 4481 520 4532 duci
539 4465 655 4533 Arabiae
678 4481 828 4532 attribuenti
852 4499 869 4532 a
895 4479 990 4532 libellis
1016 4482 1069 4532 aiae
1092 4479 1311 4548 supersedentem
1341 4480 1440 4531 accedit

96 4575 168 4639 quod
188 4573 254 4624 nulli
272 4574 433 4638 magistratui
445 4574 548 4626 Notitia
566 4575 654 4624 tribuit
674 4581 725 4624 tam
744 4573 904 4624 libelleusem
924 4589 1001 4640 quam
1021 4573 1236 4640 regerendarium,
1255 4572 1301 4624 sed
1314 4573 1358 4622 ubi
1371 4574 1439 4623 hunc

96 4667 180 4732 pouit,
202 4665 229 4715 id
249 4666 318 4732 quod
338 4665 400 4716 iacit
419 4665 446 4716 in
465 4666 602 4732 praefectis
620 4667 751 4731 praetorio
771 4674 796 4716 et
814 4667 885 4716 urbis
903 4673 928 4716 et
939 4668 967 4718 iu
981 4668 1109 4732 magistris
1121 4667 1241 4728 militum,
1261 4665 1377 4728 ducibus,
1396 4681 1439 4716 co·

98 4759 205 4808 mitibus
225 4759 337 4823 partium
358 4758 512 4820 Occidentis,
533 4759 569 4808 ibi
588 4759 674 4809 deficit
692 4760 737 4824 qui
756 4765 794 4809 est
813 4775 829 4808 a
849 4758 950 4809 libellis.

157 4847 183 4912 ³)
203 4849 493 4916 Bethmann-ldollweg
510 4852 527 4901 l.
542 4867 564 4900 c.
583 4867 608 4916 p.
626 4852 687 4902 198.
708 4850 769 4901 243.
819 4851 870 4900 Illo
888 4852 946 4902 loco
970 4865 1036 4916 quae
1061 4851 1212 4916 adlegantur
1235 4867 1267 4902 ex
1287 4857 1371 4901 aetate
1394 4867 1440 4902 an·

100 4944 197 4993 teriora
216 4944 351 5008 exempla,
376 4943 420 4992 vix
440 4950 509 4994 recte
528 4945 578 4994 huc
596 4945 746 5006 trahuntur;
775 4945 888 5008 exempli
908 4958 987 4993 causa
1005 4944 1153 4993 constitutio
1173 4958 1196 4994 a.
1210 4945 1264 4994 412
1284 4944 1438 5010 C.Th.,13,

101 5037 145 5098 10,
159 5036 176 5084 6
192 5055 226 5076 =
242 5035 346 5086 C.1ust.
360 5037 402 5098 11,
417 5036 442 5098 6,
459 5037 474 5087 5
495 5038 640 5102 cognitores
659 5051 804 5086 memorans
824 5033 908 5086 libelli
925 5034 1027 5085 datione
1046 5035 1087 5085 rel
1100 5035 1228 5102 planaria
1240 5037 1440 5104 interpellatione

99 5127 276 5190 commonitas,
301 5143 355 5179 non
373 5129 427 5193 agit
446 5128 542 5179 delita
561 5129 676 5194 privata,
701 5130 746 5180 sed
765 5129 798 5178 de
816 5129 918 5193 publico
938 5129 1025 5193 aliquo
1044 5127 1141 5178 iudicio
1161 5129 1194 5178 ob
1214 5144 1306 5180 navem
1325 5130 1440 5180 submer-

99 5233 165 5268 sam.
