3628 5954
361 423 405 496 16
793 443 1068 495 nnnrrsunnnn
1096 444 1180 496 von.
1199 445 1244 494 111
1657 451 1687 502 15

357 619 485 678 nubatur
507 619 637 679 civitatis
659 621 706 678 ius
733 618 855 694 aliquod
881 619 951 678 licet
975 619 1150 696 peregrinae
1178 619 1305 691 habens,
1333 635 1392 677 non
1419 627 1481 676 tam
1509 617 1538 675 in
1561 617 1689 681 Polliam

358 722 544 781 referebatur
566 741 655 799 qnam
677 722 708 779 in
731 722 807 780 alias
829 722 935 792 tribus,
959 721 995 778 de
1017 721 1127 798 quibus
1149 720 1294 780 hocloco
1316 721 1481 797 disputatio
1499 735 1559 777 non
1581 731 1626 780 est
1645 725 1691 782 in-

360 825 523 896 stituenda3
551 843 639 900 quam
662 825 700 882 ob
721 843 783 882 rem
806 824 837 881 in
858 825 896 882 iis
919 823 1006 895 solis,
1030 824 1080 900 qui
1103 823 1134 882 in
1156 824 1278 882 canabis
1300 824 1361 881 nati
1383 833 1483 895 erant,
1506 824 1632 896 mansit,
1659 833 1691 884 ut

360 926 479 984 civitate
502 926 605 984 donati
627 925 745 984 Polliae
767 926 1018 985 adscriberentur.

444 1027 532 1102 Quod
560 1029 587 1086 si
616 1029 659 1085 ita
686 1029 819 1087 videmus
846 1029 877 1086 in
907 1031 1056 1106 Aegypto,
1084 1035 1163 1087 certe
1191 1028 1310 1088 saeculo
1332 1029 1444 1106 primo,
1476 1028 1605 1088 fortasse
1638 1031 1690 1089 sub

362 1133 497 1207 Augusto
519 1130 566 1188 vol
581 1129 704 1188 Tiberio
726 1131 863 1189 homines
885 1131 913 1186 in
938 1132 1045 1188 castris
1068 1150 1106 1188 ex
1126 1132 1322 1190 contubernio
1338 1132 1465 1190 militurn
1482 1150 1549 1189 cum
1564 1131 1691 1190 mulieri·

360 1237 417 1292 bus
440 1233 604 1309 peregrinis
627 1232 769 1291 oriundos
792 1241 821 1290 et
842 1243 1002 1310 propterea
1023 1233 1142 1291 civitate
1164 1243 1299 1292 carentes
1322 1233 1422 1310 aliquo
1444 1251 1568 1292 numero
1588 1233 1625 1289 ad
1641 1235 1691 1291 mi·

360 1337 454 1393 litiam
477 1343 631 1410 paternam
654 1334 802 1393 admissos
825 1353 905 1406 esse,
932 1335 961 1393 id
986 1341 1018 1392 ut
1043 1334 1164 1392 omnino
1191 1336 1331 1394 abhorret
1357 1356 1375 1395 a
1401 1336 1561 1411 disciplina
1587 1337 1691 1393 aetatis

363 1438 508 1510 melioris,
536 1439 577 1495 ita
599 1437 760 1496 verisimile
783 1446 828 1495 est
851 1439 882 1494 in
904 1439 1044 1513 Aegypto
1068 1437 1213 1496 maturius
1236 1457 1324 1514 quam
1347 1438 1418 1496 alibi
1441 1437 1606 1496 admissum
1629 1455 1692 1495 esse

362 1549 392 1599 et
413 1541 481 1598 inde
503 1540 632 1598 fortasse
655 1548 688 1598 ut
702 1539 762 1596 alia
775 1540 917 1616 pleraque
932 1539 970 1596 ad
986 1539 1156 1597 universum
1173 1540 1329 1616 imperinm
1344 1550 1553 1617 propagatum.
1587 1536 1693 1597 Castra

362 1643 500 1700 Romana
519 1642 727 1700 Alexandreae
751 1657 818 1699 esse
840 1649 1001 1718 coeperunt
1023 1641 1175 1717 aliquanto
1197 1650 1266 1701 ante
1289 1662 1377 1719 quam
1394 1644 1552 1719 Aegyptus
1575 1641 1604 1698 in
1626 1660 1693 1718 pro·

362 1746 478 1802 vinciae
500 1744 625 1802 formam
647 1742 769 1802 redacta
785 1752 830 1802 est
845 1762 871 1800 a.
889 1764 916 1801 u.
934 1743 1004 1816 699,
1028 1761 1087 1819 quo
1102 1744 1140 1802 A.
1158 1742 1306 1803 Gabinius
1322 1745 1496 1802 Ptolemaeo
1511 1743 1585 1822 regi,
1608 1761 1693 1818 quem

363 1847 534 1918 reduxerat,
556 1856 670 1922 partem
693 1846 846 1923 copiarum
862 1844 991 1921 reliquit.
1028 1843 1141 1904 Caesar
1162 1847 1191 1904 b.
1207 1865 1232 1905 c.
1250 1846 1278 1917 3,
1293 1848 1313 1903 4
1336 1846 1387 1922 (cf.
1405 1847 1564 1924 Appianas
1579 1845 1608 1903 b.
1625 1864 1649 1902 c.
1666 1842 1693 1916 2,

365 1949 419 2025 49)
442 1950 472 2006 in
494 1966 619 2007 recensu
641 1948 794 2025 copiarum
817 1947 1067 2024 Pompeianarum
1095 1955 1248 2006 enumerat
1269 1951 1436 2024 quingentos
1465 1967 1498 2006 ea
1523 1946 1694 2006 Gabinianis

365 2053 546 2110 Alexandria
570 2049 672 2109 Gallos
696 2051 921 2126 Gemmanasque,
948 2068 1019 2124 quas
1041 2051 1080 2108 ibi
1101 2050 1140 2107 A.
1165 2049 1304 2109 Gabinius
1329 2052 1473 2126 praesidii
1500 2067 1591 2108 causa
1618 2047 1696 2124 apud

363 2173 455 2229 repam
481 2153 673 2212 Ptolemaeum
699 2153 869 2228 reliquerat,
905 2151 976 2210 alibi
1010 2151 1133 2226 (tea,
1157 2152 1229 2227 103)
1263 2153 1339 2211 inter
1365 2153 1475 2210 milites
1504 2153 1584 2228 regis
1612 2148 1694 2227 pueri

364 2255 531 2314 Ptolemaei
553 2256 595 2314 ait
615 2255 710 2313 fuisse
732 2254 888 2331 complures
911 2255 1030 2332 Pompei
1050 2255 1162 2326 milites,
1186 2273 1257 2330 quas
1280 2273 1313 2314 en
1335 2258 1395 2312 eius
1418 2257 1541 2312 samaim
1569 2261 1693 2329 acceptas

366 2361 397 2415 in
419 2357 508 2435 Syria
532 2356 672 2416 Gabinius
691 2357 903 2417 Alexandream
925 2359 1094 2416 traduxerat
1115 2357 1242 2432 belloque
1263 2358 1385 2433 consecto
1408 2359 1489 2432 apud
1506 2355 1693 2416 Ptolemaeum

362 2470 474 2535 patrem
494 2463 579 2536 pueri
599 2461 775 2536 reliquerat,·
807 2460 982 2537 fueruntque
1012 2478 1049 2517 ex
1077 2459 1125 2517 his
1152 2459 1202 2535 qui
1232 2459 1442 2518 interfecerunt
1466 2457 1593 2517 Bibulas
1617 2454 1693 2514 filios

368 2561 521 2638 (Valerius
544 2561 625 2620 Max.
641 2564 671 2634 4,
689 2563 716 2635 l,
734 2563 788 2634 153
819 2560 934 2622 Seneca
956 2561 994 2620 ad
1016 2561 1107 2619 Maro.
1126 2563 1173 2634 14,
1191 2559 1222 2636 2)
1246 2569 1276 2620 et
1297 2562 1484 2620 centuriones
1506 2577 1625 2637 quoque
1645 2557 1695 2614 tri·

368 2665 499 2742 bunique
512 2664 654 2737 Romani,
676 2664 727 2740 qui
742 2664 879 2741 Pompeii
902 2665 1021 2723 caedem
1044 2672 1264 2740 perpetrarunt,
1287 2662 1466 2724 Gabinianis
1484 2662 1545 2721 illis
1561 2660 1696 2718 videntur

367 2768 537 2845 praefuisse
558 2767 609 2842 (cf.
632 2767 790 2827 Drumann
806 2769 834 2840 3,
851 2765 935 2843 523).
979 2766 1064 2825 Haec
1087 2775 1155 2825 sunt
1176 2767 1205 2824 ni
1227 2767 1317 2825 fallor
1339 2777 1438 2826 castra
1460 2763 1598 2822 laterculi
1619 2759 1696 2836 Cop-

368 2869 464 2942 titani,
488 2870 678 2929 seminarium
701 2871 766 2928 sine
782 2869 871 2927 dubio
888 2869 1022 2928 omnium
1038 2869 1186 2942 vitiorum,
1210 2869 1347 2930 seditem
1364 2869 1493 2927 fortasse
1509 2865 1695 2926 seminarium

368 2973 494 3031 militiae
516 2971 713 3030 hereditariae
734 2972 851 3049 imperii
873 2972 1012 3031 Romani.

410 3075 487 3133 Post
501 3075 665 3133 Traianum
689 3074 830 3132 deliciunt
850 3074 912 3133 fere
935 3075 971 3134 de
986 3075 1123 3151 legionis,
1146 3093 1223 3151 quse
1239 3083 1300 3133 tum
1315 3077 1487 3152 Aegyptum
1503 3069 1697 3137 custodiebat,

367 3177 400 3235 11
416 3176 564 3235 Traianae
585 3176 713 3234 militum
736 3175 850 3252 origine
872 3176 1043 3235 testimonia
1065 3176 1225 3252 diserta1).
1262 3175 1410 3235 Laterculi
1426 3193 1517 3253 supra
1532 3174 1604 3234 editi
1621 3169 1697 3231 n.1o

369 3278 496 3354 legionis
518 3279 583 3336 eius
607 3279 675 3335 anni
702 3277 760 3336 194
784 3277 894 3336 milites
916 3279 1029 3355 pariter
1050 3288 1139 3355 atque
1155 3276 1308 3355 Coptitani
1326 3297 1428 3337 omnes
1442 3279 1506 3338 fere
1521 3278 1617 3335 tribus
1633 3285 1700 3332 sunt

370 3381 484 3440 Polliae
507 3389 625 3438 etcum
649 3380 793 3455 originem
816 3380 877 3438 fere
899 3390 1026 3452 taceant,
1049 3381 1207 3440 verisimile
1230 3392 1277 3439 est
1290 3381 1448 3458 plerosque
1464 3399 1568 3438 eorum
1583 3397 1621 3437 ex
1636 3377 1699 3452 ipsa

371 3486 512 3561 Aegypto
534 3481 678 3541 oriundos
700 3499 777 3540 esse.
825 3482 861 3540 Id
884 3490 981 3540 autem
1003 3501 1061 3541 non
1084 3493 1144 3540 tam
1166 3483 1276 3560 pendet
1297 3502 1316 3541 a
1337 3483 1401 3561 lege
1423 3485 1572 3560 Augusti,
1599 3497 1699 3539 secun·

297 3613 300 3616 ·
371 3587 440 3644 dum
463 3605 552 3662 quam
575 3583 663 3642 modo
686 3583 814 3642 uidimus
834 3586 1038 3661 Aegyptiacae
1061 3594 1140 3643 certe
1161 3584 1295 3661 legiones
1318 3584 1363 3659 (et
1384 3593 1483 3661 potest
1504 3583 1574 3643 addi
1597 3582 1700 3659 opinor

372 3687 506 3746 Orientis
528 3685 645 3762 omnes)
672 3685 765 3744 leatus
788 3705 856 3745 esse
877 3687 906 3745 in
929 3687 1092 3763 provinciis
1120 3687 1236 3763 imperii
1261 3684 1405 3757 Graecis,
1435 3687 1487 3745 sed
1514 3685 1551 3745 ad
1579 3671 1700 3743 consue-

372 3791 504 3848 tudinem
527 3790 634 3847 aetatis
656 3789 844 3864 posterioris,
866 3789 902 3846 de
923 3808 982 3866 qua
1003 3807 1063 3847 non
1086 3789 1232 3865 estquod
1254 3789 1310 3847 boc
1331 3788 1398 3847 loco
1415 3807 1548 3866 egemus,
1573 3789 1699 3845 tironum

373 3892 462 3950 ctiam
483 3891 716 3968 legionariorum
737 3892 768 3948 in
790 3910 827 3949 ea
849 3891 1003 3967 provincia
1024 3892 1316 3963 conscribendorum,
1337 3892 1368 3949 in
1391 3909 1451 3966 qua
1468 3890 1546 3968 legio
1562 3889 1701 3949 consiste-

373 4005 435 4065 ret,
464 3993 492 4052 id
515 3994 595 4070 quod
617 3993 694 4052 tituli
715 3993 843 4070 legionis
865 3993 914 4052 111
936 3997 1091 4071 Augustae
1113 4001 1278 4053 castrorum
1300 3991 1601 4052 Lambaesitanorum
1625 3989 1701 4048 clere

375 4091 583 4172 ostenduntl).
621 4094 680 4156 Sed
702 4115 768 4155 oum
790 4096 820 4154 in
844 4097 994 4174 Aegypto,
1017 4096 1104 4156 aliter
1126 4106 1215 4173 atque
1236 4097 1266 4154 in
1285 4095 1408 4173 reliquis
1430 4096 1603 4173 prouinciis,
1625 4090 1701 4150 colo·

375 4199 442 4258 niae
465 4199 661 4275 municipiave
683 4198 792 4257 civium
807 4196 1009 4256 Romanorum
1033 4199 1118 4258 nulla
1139 4205 1238 4258 essent
1252 4198 1352 4273 itaque
1368 4197 1495 4257 dilectus
1509 4198 1597 4256 etiam
1614 4193 1702 4270 legio·

436 4399 459 4462 ¹)
479 4400 657 4451 Memorentur
675 4416 707 4450 ex
728 4415 759 4450 ea
776 4401 878 4466 legione
893 4400 986 4450 milites
999 4402 1124 4466 originem
1137 4400 1262 4450 habentes
1275 4397 1359 4450 Italus
1372 4399 1448 4465 (Eph.
1461 4401 1476 4450 2
1490 4416 1516 4450 n.
1528 4398 1601 4460 938),
1621 4389 1701 4457 epeia)

376 4489 524 4554 mamantis)
557 4490 746 4542 Carrinatiensis
772 4495 920 4560 provinciae
947 4491 1095 4544 Pannoniae
1123 4493 1263 4560 superioris
1290 4493 1402 4558 (spus
1427 4509 1453 4542 n.
1473 4487 1551 4557 328),
1581 4484 1702 4539 Macedon

378 4585 454 4649 (llph¹
471 4587 486 4634 2
506 4601 532 4635 n.
547 4585 619 4648 327).
651 4585 704 4639 Sed
723 4581 842 4635 videntur
861 4587 976 4650 gregales
996 4586 1105 4652 legionis
1118 4586 1245 4637 Traianae
1265 4601 1297 4634 ex
1311 4585 1374 4649 ipsis
1388 4585 1477 4635 castris
1491 4584 1530 4634 rel
1546 4578 1702 4634 Alexandria

378 4678 481 4727 oriundi
500 4678 627 4742 originem
646 4679 753 4728 reticere
772 4685 860 4744 utpote
880 4685 933 4729 tum
952 4680 1006 4729 fere
1026 4694 1201 4741 communem,
1228 4679 1357 4744 peregrini
1376 4678 1526 4743 praesertim
1551 4690 1607 4726 eam
1628 4685 1702 4722 enun-

377 4771 452 4820 tiore.

439 4861 464 4925 ²)
484 4863 567 4914 Timli
584 4863 681 4914 inventi
701 4865 727 4914 in
747 4865 837 4914 castris
857 4865 1061 4914 Lambaesitanis
1081 4864 1225 4914 constitutis
1245 4864 1371 4914 c.a.123
1393 4863 1433 4912 vel
1452 4861 1485 4912 ad
1504 4863 1532 4912 id
1550 4857 1703 4926 praetorium

379 4956 507 5005 referendi
527 4971 579 5006 non
599 4956 693 5006 babent
717 4971 749 5006 ex
774 4957 852 5006 Italia
875 4956 997 5007 oriundos
1024 4957 1117 5006 milites
1141 4957 1250 5020 legionis
1270 4957 1411 5006 Africanae
1434 4956 1484 5005 nisi
1509 4970 1586 5005 unum
1612 4951 1703 5001 duosve

381 5040 442 5100 (vol.
456 5048 533 5108 Vlll,
554 5051 633 5099 2812.
648 5049 738 5110 2983),
758 5050 866 5099 aliarum
886 5065 987 5115 qnoque
1006 5050 1196 5114 provinciaram
1216 5063 1366 5114 perpaucos,
1386 5055 1475 5099 contra
1487 5045 1703 5111 tongepterosque
1788 5037 1789 5040 ’

381 5140 529 5190 Africanos.
