<?xml version="1.0" encoding="UTF-8"?>
<!DOCTYPE html PUBLIC "-//W3C//DTD XHTML 1.0 Transitional//EN"
    "http://www.w3.org/TR/xhtml1/DTD/xhtml1-transitional.dtd">
<html xmlns="http://www.w3.org/1999/xhtml" xml:lang="en" lang="en">
 <head>
  <title>
</title>
<meta http-equiv="Content-Type" content="text/html;charset=utf-8" />
  <meta name='ocr-system' content='tesseract 3.04.00' />
  <meta name='ocr-capabilities' content='ocr_page ocr_carea ocr_par ocr_line ocrx_word'/>
</head>
<body>
  <div class='ocr_page' id='page_1' title='image "./ephemerisepigra16instgoog_0024.png"; bbox 0 0 3628 5954; ppageno 0'>
   <div class='ocr_carea' id='block_1_1' title="bbox 143 455 1471 528">
    <p class='ocr_par' dir='ltr' id='par_1_1' title="bbox 143 455 1471 528">
     <span class='ocr_line' id='line_1_1' title="bbox 143 455 1471 528; baseline -0.001 -2"><span class='ocrx_word' id='word_1_1' title='bbox 143 471 179 528; x_wconf 80' lang='lat' dir='ltr'><strong>rs</strong></span> <span class='ocrx_word' id='word_1_2' title='bbox 702 471 909 528; x_wconf 77' lang='lat' dir='ltr'><strong>sacrrrvs.</strong></span> <span class='ocrx_word' id='word_1_3' title='bbox 1427 455 1471 526; x_wconf 86' lang='lat'><strong>13</strong></span> 
     </span>
    </p>
   </div>
   <div class='ocr_carea' id='block_1_2' title="bbox 134 646 1475 2469">
    <p class='ocr_par' dir='ltr' id='par_1_2' title="bbox 138 646 1475 1342">
     <span class='ocr_line' id='line_1_2' title="bbox 140 646 1475 728; baseline -0.001 -21"><span class='ocrx_word' id='word_1_4' title='bbox 140 649 237 726; x_wconf 85' lang='lat' dir='ltr'><strong>legato</strong></span> <span class='ocrx_word' id='word_1_5' title='bbox 254 647 394 709; x_wconf 73' lang='lat' dir='ltr'><strong>Galatiae</strong></span> <span class='ocrx_word' id='word_1_6' title='bbox 416 649 585 708; x_wconf 86' lang='lat' dir='ltr'><strong>constitutis</strong></span> <span class='ocrx_word' id='word_1_7' title='bbox 607 649 676 709; x_wconf 91' lang='lat' dir='ltr'><strong>inde</strong></span> <span class='ocrx_word' id='word_1_8' title='bbox 698 651 805 728; x_wconf 86' lang='lat' dir='ltr'><strong>opinor</strong></span> <span class='ocrx_word' id='word_1_9' title='bbox 824 650 1044 726; x_wconf 84' lang='lat' dir='ltr'><strong>explicandum,</strong></span> <span class='ocrx_word' id='word_1_10' title='bbox 1066 650 1156 725; x_wconf 92' lang='lat' dir='ltr'><strong>quod,</strong></span> <span class='ocrx_word' id='word_1_11' title='bbox 1178 661 1212 708; x_wconf 90' lang='lat' dir='ltr'><strong>ut</strong></span> <span class='ocrx_word' id='word_1_12' title='bbox 1226 650 1269 708; x_wconf 91' lang='lat' dir='ltr'><strong>ait</strong></span> <span class='ocrx_word' id='word_1_13' title='bbox 1282 647 1388 709; x_wconf 88' lang='lat' dir='ltr'><strong>Livius</strong></span> <span class='ocrx_word' id='word_1_14' title='bbox 1407 646 1475 724; x_wconf 89' lang='lat'><strong>(38,</strong></span> 
     </span>
     <span class='ocr_line' id='line_1_3' title="bbox 143 741 1473 830; baseline -0.002 -20"><span class='ocrx_word' id='word_1_15' title='bbox 143 741 203 828; x_wconf 84' lang='lat' dir='ltr'><strong>li),</strong></span> <span class='ocrx_word' id='word_1_16' title='bbox 225 757 347 812; x_wconf 79' lang='lat' dir='ltr'><strong>omnium</strong></span> <span class='ocrx_word' id='word_1_17' title='bbox 368 771 443 828; x_wconf 85' lang='lat' dir='ltr'><strong>qnae</strong></span> <span class='ocrx_word' id='word_1_18' title='bbox 464 751 566 810; x_wconf 87' lang='lat' dir='ltr'><strong>Asiam</strong></span> <span class='ocrx_word' id='word_1_19' title='bbox 587 751 684 812; x_wconf 84' lang='lat' dir='ltr'><strong>colant</strong></span> <span class='ocrx_word' id='word_1_20' title='bbox 702 758 827 830; x_wconf 72' lang='lat' dir='ltr'><strong>pennam</strong></span> <span class='ocrx_word' id='word_1_21' title='bbox 848 751 930 812; x_wconf 82' lang='lat' dir='ltr'><strong>Galli</strong></span> <span class='ocrx_word' id='word_1_22' title='bbox 944 754 1030 829; x_wconf 81' lang='lat' dir='ltr'><strong>sarna</strong></span> <span class='ocrx_word' id='word_1_23' title='bbox 1052 752 1119 810; x_wconf 83' lang='lat' dir='ltr'><strong>belli</strong></span> <span class='ocrx_word' id='word_1_24' title='bbox 1136 762 1296 828; x_wconf 73' lang='lat' dir='ltr'><strong>praestant,</strong></span> <span class='ocrx_word' id='word_1_25' title='bbox 1319 760 1349 810; x_wconf 87' lang='lat' dir='ltr'><strong>et</strong></span> <span class='ocrx_word' id='word_1_26' title='bbox 1370 770 1473 828; x_wconf 90' lang='lat' dir='ltr'><strong>quam·</strong></span> 
     </span>
     <span class='ocr_line' id='line_1_4' title="bbox 140 852 1474 931; baseline -0.001 -20"><span class='ocrx_word' id='word_1_27' title='bbox 140 871 225 929; x_wconf 85' lang='lat' dir='ltr'><strong>quatu</strong></span> <span class='ocrx_word' id='word_1_28' title='bbox 247 859 372 931; x_wconf 79' lang='lat' dir='ltr'><strong>pennino</strong></span> <span class='ocrx_word' id='word_1_29' title='bbox 387 856 496 930; x_wconf 82' lang='lat' dir='ltr'><strong>feritas</strong></span> <span class='ocrx_word' id='word_1_30' title='bbox 518 873 613 913; x_wconf 89' lang='lat' dir='ltr'><strong>eornm</strong></span> <span class='ocrx_word' id='word_1_31' title='bbox 634 855 767 915; x_wconf 84' lang='lat' dir='ltr'><strong>Asiatica</strong></span> <span class='ocrx_word' id='word_1_32' title='bbox 788 859 955 914; x_wconf 84' lang='lat' dir='ltr'><strong>amoenitate</strong></span> <span class='ocrx_word' id='word_1_33' title='bbox 975 853 1086 913; x_wconf 86' lang='lat' dir='ltr'><strong>mollita</strong></span> <span class='ocrx_word' id='word_1_34' title='bbox 1107 866 1148 913; x_wconf 87' lang='lat' dir='ltr'><strong>est</strong></span> <span class='ocrx_word' id='word_1_35' title='bbox 1170 852 1275 930; x_wconf 84' lang='lat' dir='ltr'><strong>(verba</strong></span> <span class='ocrx_word' id='word_1_36' title='bbox 1296 862 1367 913; x_wconf 91' lang='lat' dir='ltr'><strong>sunt</strong></span> <span class='ocrx_word' id='word_1_37' title='bbox 1387 852 1474 912; x_wconf 89' lang='lat' dir='ltr'><strong>Flori</strong></span> 
     </span>
     <span class='ocr_line' id='line_1_5' title="bbox 143 955 1473 1034; baseline -0.001 -20"><span class='ocrx_word' id='word_1_38' title='bbox 143 955 299 1032; x_wconf 82' lang='lat' dir='ltr'><strong>1,it[t‚</strong></span> <span class='ocrx_word' id='word_1_39' title='bbox 322 955 404 1032; x_wconf 93' lang='grc'>11]),</span> <span class='ocrx_word' id='word_1_40' title='bbox 437 957 516 1016; x_wconf 87' lang='lat' dir='ltr'><strong>bella</strong></span> <span class='ocrx_word' id='word_1_41' title='bbox 542 957 748 1016; x_wconf 84' lang='lat' dir='ltr'><strong>Romanorum</strong></span> <span class='ocrx_word' id='word_1_42' title='bbox 774 957 876 1017; x_wconf 88' lang='lat' dir='ltr'><strong>civilia</strong></span> <span class='ocrx_word' id='word_1_43' title='bbox 901 967 932 1017; x_wconf 91' lang='lat' dir='ltr'><strong>et</strong></span> <span class='ocrx_word' id='word_1_44' title='bbox 956 958 1025 1033; x_wconf 90' lang='lat' dir='ltr'><strong>ipsa</strong></span> <span class='ocrx_word' id='word_1_45' title='bbox 1051 957 1131 1034; x_wconf 85' lang='lat' dir='ltr'><strong>legio</strong></span> <span class='ocrx_word' id='word_1_46' title='bbox 1164 956 1362 1015; x_wconf 80' lang='lat' dir='ltr'><strong>Deiotariana</strong></span> <span class='ocrx_word' id='word_1_47' title='bbox 1392 956 1473 1014; x_wconf 90' lang='lat' dir='ltr'><strong>clare</strong></span> 
     </span>
     <span class='ocr_line' id='line_1_6' title="bbox 139 1056 1472 1138; baseline 0 -23"><span class='ocrx_word' id='word_1_48' title='bbox 139 1058 306 1131; x_wconf 89' lang='lat' dir='ltr'><strong>ostendunt,</strong></span> <span class='ocrx_word' id='word_1_49' title='bbox 328 1069 513 1136; x_wconf 80' lang='lat' dir='ltr'><strong>quantopere</strong></span> <span class='ocrx_word' id='word_1_50' title='bbox 534 1059 583 1118; x_wconf 84' lang='lat' dir='ltr'><strong>vel</strong></span> <span class='ocrx_word' id='word_1_51' title='bbox 599 1057 791 1138; x_wconf 83' lang='lat' dir='ltr'><strong>Gallograeci</strong></span> <span class='ocrx_word' id='word_1_52' title='bbox 813 1061 879 1119; x_wconf 89' lang='lat' dir='ltr'><strong>eius</strong></span> <span class='ocrx_word' id='word_1_53' title='bbox 900 1061 1008 1119; x_wconf 89' lang='lat' dir='ltr'><strong>aetatis</strong></span> <span class='ocrx_word' id='word_1_54' title='bbox 1028 1060 1059 1118; x_wconf 91' lang='lat' dir='ltr'><strong>in</strong></span> <span class='ocrx_word' id='word_1_55' title='bbox 1075 1059 1153 1118; x_wconf 91' lang='lat' dir='ltr'><strong>bello</strong></span> <span class='ocrx_word' id='word_1_56' title='bbox 1170 1059 1373 1136; x_wconf 81' lang='lat' dir='ltr'><strong>praestiterint</strong></span> <span class='ocrx_word' id='word_1_57' title='bbox 1388 1056 1472 1135; x_wconf 83' lang='lat' dir='ltr'><strong>Syrie</strong></span> 
     </span>
     <span class='ocr_line' id='line_1_7' title="bbox 138 1160 1471 1238; baseline -0.001 -20"><span class='ocrx_word' id='word_1_58' title='bbox 138 1171 167 1219; x_wconf 86' lang='lat' dir='ltr'><strong>et</strong></span> <span class='ocrx_word' id='word_1_59' title='bbox 186 1161 321 1220; x_wconf 78' lang='lat' dir='ltr'><strong>Asianis.</strong></span> <span class='ocrx_word' id='word_1_60' title='bbox 367 1160 472 1238; x_wconf 88' lang='lat' dir='ltr'><strong>Itaque</strong></span> <span class='ocrx_word' id='word_1_61' title='bbox 494 1181 561 1221; x_wconf 92' lang='lat' dir='ltr'><strong>eum</strong></span> <span class='ocrx_word' id='word_1_62' title='bbox 583 1162 646 1220; x_wconf 87' lang='lat' dir='ltr'><strong>fere</strong></span> <span class='ocrx_word' id='word_1_63' title='bbox 668 1163 766 1221; x_wconf 90' lang='lat' dir='ltr'><strong>locum</strong></span> <span class='ocrx_word' id='word_1_64' title='bbox 789 1161 917 1223; x_wconf 88' lang='lat' dir='ltr'><strong>Galatae</strong></span> <span class='ocrx_word' id='word_1_65' title='bbox 939 1169 1041 1221; x_wconf 90' lang='lat' dir='ltr'><strong>teuent</strong></span> <span class='ocrx_word' id='word_1_66' title='bbox 1065 1163 1096 1220; x_wconf 91' lang='lat' dir='ltr'><strong>in</strong></span> <span class='ocrx_word' id='word_1_67' title='bbox 1119 1161 1251 1220; x_wconf 86' lang='lat' dir='ltr'><strong>exercitu</strong></span> <span class='ocrx_word' id='word_1_68' title='bbox 1273 1161 1471 1238; x_wconf 81' lang='lat' dir='ltr'><strong>Aegyptiace,</strong></span> 
     </span>
     <span class='ocr_line' id='line_1_8' title="bbox 140 1262 1307 1342; baseline 0.001 -21"><span class='ocrx_word' id='word_1_69' title='bbox 140 1281 227 1339; x_wconf 91' lang='lat' dir='ltr'><strong>quem</strong></span> <span class='ocrx_word' id='word_1_70' title='bbox 248 1263 280 1322; x_wconf 94' lang='lat' dir='ltr'><strong>in</strong></span> <span class='ocrx_word' id='word_1_71' title='bbox 303 1262 475 1323; x_wconf 88' lang='lat' dir='ltr'><strong>Occidentis</strong></span> <span class='ocrx_word' id='word_1_72' title='bbox 496 1265 593 1340; x_wconf 89' lang='lat' dir='ltr'><strong>copiis</strong></span> <span class='ocrx_word' id='word_1_73' title='bbox 616 1265 731 1324; x_wconf 87' lang='lat' dir='ltr'><strong>auxilia</strong></span> <span class='ocrx_word' id='word_1_74' title='bbox 752 1266 783 1324; x_wconf 92' lang='lat' dir='ltr'><strong>in</strong></span> <span class='ocrx_word' id='word_1_75' title='bbox 805 1265 959 1342; x_wconf 90' lang='lat' dir='ltr'><strong>provincia</strong></span> <span class='ocrx_word' id='word_1_76' title='bbox 981 1262 1105 1341; x_wconf 84' lang='lat' dir='ltr'><strong>Belgica</strong></span> <span class='ocrx_word' id='word_1_77' title='bbox 1127 1265 1307 1340; x_wconf 88' lang='lat' dir='ltr'><strong>conscripta.</strong></span> 
     </span>
    </p>

    <p class='ocr_par' dir='ltr' id='par_1_3' title="bbox 134 1363 1471 2469">
     <span class='ocr_line' id='line_1_9' title="bbox 177 1363 1471 1447; baseline 0.002 -24"><span class='ocrx_word' id='word_1_78' title='bbox 177 1366 303 1424; x_wconf 85' lang='lat' dir='ltr'><strong>Praeter</strong></span> <span class='ocrx_word' id='word_1_79' title='bbox 318 1363 447 1425; x_wconf 89' lang='lat' dir='ltr'><strong>Galatas</strong></span> <span class='ocrx_word' id='word_1_80' title='bbox 469 1367 499 1426; x_wconf 88' lang='lat' dir='ltr'><strong>in</strong></span> <span class='ocrx_word' id='word_1_81' title='bbox 522 1365 688 1444; x_wconf 83' lang='lat' dir='ltr'><strong>legionibus</strong></span> <span class='ocrx_word' id='word_1_82' title='bbox 704 1368 901 1447; x_wconf 84' lang='lat' dir='ltr'><strong>Aegyptiacis</strong></span> <span class='ocrx_word' id='word_1_83' title='bbox 920 1376 1008 1426; x_wconf 85' lang='lat' dir='ltr'><strong>natos</strong></span> <span class='ocrx_word' id='word_1_84' title='bbox 1030 1367 1062 1424; x_wconf 92' lang='lat' dir='ltr'><strong>in</strong></span> <span class='ocrx_word' id='word_1_85' title='bbox 1076 1367 1371 1443; x_wconf 86' lang='lat' dir='ltr'><strong>Aegypto·homines</strong></span> <span class='ocrx_word' id='word_1_86' title='bbox 1392 1385 1471 1425; x_wconf 88' lang='lat' dir='ltr'><strong>com·</strong></span> 
     </span>
     <span class='ocr_line' id='line_1_10' title="bbox 136 1467 1470 1546; baseline 0.001 -21"><span class='ocrx_word' id='word_1_87' title='bbox 136 1467 239 1545; x_wconf 88' lang='lat' dir='ltr'><strong>plures</strong></span> <span class='ocrx_word' id='word_1_88' title='bbox 261 1469 409 1528; x_wconf 87' lang='lat' dir='ltr'><strong>meruisse</strong></span> <span class='ocrx_word' id='word_1_89' title='bbox 431 1478 465 1527; x_wconf 91' lang='lat' dir='ltr'><strong>ut</strong></span> <span class='ocrx_word' id='word_1_90' title='bbox 486 1469 584 1546; x_wconf 90' lang='lat' dir='ltr'><strong>ipsum</strong></span> <span class='ocrx_word' id='word_1_91' title='bbox 607 1469 810 1546; x_wconf 83' lang='lat' dir='ltr'><strong>explicatione</strong></span> <span class='ocrx_word' id='word_1_92' title='bbox 833 1489 893 1528; x_wconf 89' lang='lat' dir='ltr'><strong>non</strong></span> <span class='ocrx_word' id='word_1_93' title='bbox 914 1469 1036 1546; x_wconf 85' lang='lat' dir='ltr'><strong>indiget,</strong></span> <span class='ocrx_word' id='word_1_94' title='bbox 1058 1469 1101 1526; x_wconf 87' lang='lat' dir='ltr'><strong>ita</strong></span> <span class='ocrx_word' id='word_1_95' title='bbox 1122 1468 1159 1527; x_wconf 89' lang='lat' dir='ltr'><strong>ad</strong></span> <span class='ocrx_word' id='word_1_96' title='bbox 1182 1468 1387 1528; x_wconf 90' lang='lat' dir='ltr'><strong>condicionem</strong></span> <span class='ocrx_word' id='word_1_97' title='bbox 1406 1469 1470 1527; x_wconf 89' lang='lat' dir='ltr'><strong>eius</strong></span> 
     </span>
     <span class='ocr_line' id='line_1_11' title="bbox 135 1570 1470 1648; baseline 0.001 -20"><span class='ocrx_word' id='word_1_98' title='bbox 135 1571 304 1647; x_wconf 80' lang='lat' dir='ltr'><strong>provinciae</strong></span> <span class='ocrx_word' id='word_1_99' title='bbox 317 1570 529 1629; x_wconf 86' lang='lat' dir='ltr'><strong>illustrandam</strong></span> <span class='ocrx_word' id='word_1_100' title='bbox 544 1571 657 1648; x_wconf 91' lang='lat' dir='ltr'><strong>aliquid</strong></span> <span class='ocrx_word' id='word_1_101' title='bbox 671 1573 794 1632; x_wconf 83' lang='lat' dir='ltr'><strong>confert.</strong></span> <span class='ocrx_word' id='word_1_102' title='bbox 823 1572 902 1633; x_wconf 87' lang='lat' dir='ltr'><strong>Nam</strong></span> <span class='ocrx_word' id='word_1_103' title='bbox 916 1571 1037 1630; x_wconf 85' lang='lat' dir='ltr'><strong>aliunde</strong></span> <span class='ocrx_word' id='word_1_104' title='bbox 1051 1579 1168 1630; x_wconf 88' lang='lat' dir='ltr'><strong>constat</strong></span> <span class='ocrx_word' id='word_1_105' title='bbox 1178 1571 1272 1629; x_wconf 86' lang='lat' dir='ltr'><strong>fuisse</strong></span> <span class='ocrx_word' id='word_1_106' title='bbox 1286 1573 1317 1629; x_wconf 89' lang='lat' dir='ltr'><strong>in</strong></span> <span class='ocrx_word' id='word_1_107' title='bbox 1329 1573 1470 1648; x_wconf 87' lang='lat' dir='ltr'><strong>Aegypto</strong></span> 
     </span>
     <span class='ocr_line' id='line_1_12' title="bbox 136 1673 1471 1752; baseline 0.001 -22"><span class='ocrx_word' id='word_1_108' title='bbox 136 1692 201 1731; x_wconf 89' lang='lat' dir='ltr'><strong>cum</strong></span> <span class='ocrx_word' id='word_1_109' title='bbox 222 1683 311 1732; x_wconf 88' lang='lat' dir='ltr'><strong>antea</strong></span> <span class='ocrx_word' id='word_1_110' title='bbox 331 1682 393 1732; x_wconf 90' lang='lat' dir='ltr'><strong>tum</strong></span> <span class='ocrx_word' id='word_1_111' title='bbox 416 1674 472 1732; x_wconf 92' lang='lat' dir='ltr'><strong>sub</strong></span> <span class='ocrx_word' id='word_1_112' title='bbox 495 1674 725 1751; x_wconf 88' lang='lat' dir='ltr'><strong>imperatoribus</strong></span> <span class='ocrx_word' id='word_1_113' title='bbox 740 1675 886 1734; x_wconf 89' lang='lat' dir='ltr'><strong>Romanis</strong></span> <span class='ocrx_word' id='word_1_114' title='bbox 908 1674 967 1733; x_wconf 90' lang='lat' dir='ltr'><strong>duo</strong></span> <span class='ocrx_word' id='word_1_115' title='bbox 989 1691 1100 1750; x_wconf 89' lang='lat' dir='ltr'><strong>genera</strong></span> <span class='ocrx_word' id='word_1_116' title='bbox 1121 1674 1328 1752; x_wconf 85' lang='lat' dir='ltr'><strong>indigenarum</strong></span> <span class='ocrx_word' id='word_1_117' title='bbox 1349 1675 1411 1732; x_wconf 91' lang='lat' dir='ltr'><strong>iure</strong></span> <span class='ocrx_word' id='word_1_118' title='bbox 1426 1673 1471 1731; x_wconf 92' lang='lat' dir='ltr'><strong>di·</strong></span> 
     </span>
     <span class='ocr_line' id='line_1_13' title="bbox 137 1773 1470 1854; baseline 0.001 -21"><span class='ocrx_word' id='word_1_119' title='bbox 137 1792 236 1848; x_wconf 83' lang='lat' dir='ltr'><strong>versa,</strong></span> <span class='ocrx_word' id='word_1_120' title='bbox 264 1777 343 1835; x_wconf 86' lang='lat' dir='ltr'><strong>cives</strong></span> <span class='ocrx_word' id='word_1_121' title='bbox 366 1775 532 1834; x_wconf 83' lang='lat' dir='ltr'><strong>civitatium</strong></span> <span class='ocrx_word' id='word_1_122' title='bbox 555 1773 740 1836; x_wconf 88' lang='lat' dir='ltr'><strong>Graecarum</strong></span> <span class='ocrx_word' id='word_1_123' title='bbox 762 1787 792 1838; x_wconf 89' lang='lat' dir='ltr'><strong>et</strong></span> <span class='ocrx_word' id='word_1_124' title='bbox 812 1777 948 1837; x_wconf 89' lang='lat' dir='ltr'><strong>homines</strong></span> <span class='ocrx_word' id='word_1_125' title='bbox 971 1777 1138 1854; x_wconf 87' lang='lat' dir='ltr'><strong>Aegyptios</strong></span> <span class='ocrx_word' id='word_1_126' title='bbox 1161 1776 1259 1836; x_wconf 89' lang='lat' dir='ltr'><strong>nomia</strong></span> <span class='ocrx_word' id='word_1_127' title='bbox 1285 1776 1470 1852; x_wconf 84' lang='lat' dir='ltr'><strong>adscriptos3</strong></span> 
     </span>
     <span class='ocr_line' id='line_1_14' title="bbox 137 1877 1470 1957; baseline 0.002 -23"><span class='ocrx_word' id='word_1_128' title='bbox 137 1877 311 1937; x_wconf 82' lang='lat' dir='ltr'><strong>decivitate</strong></span> <span class='ocrx_word' id='word_1_129' title='bbox 332 1878 471 1938; x_wconf 89' lang='lat' dir='ltr'><strong>Romana</strong></span> <span class='ocrx_word' id='word_1_130' title='bbox 492 1878 591 1938; x_wconf 88' lang='lat' dir='ltr'><strong>danda</strong></span> <span class='ocrx_word' id='word_1_131' title='bbox 605 1881 775 1957; x_wconf 88' lang='lat' dir='ltr'><strong>Augustum</strong></span> <span class='ocrx_word' id='word_1_132' title='bbox 798 1879 1000 1951; x_wconf 70' lang='lat' dir='ltr'><strong>constitisse,</strong></span> <span class='ocrx_word' id='word_1_133' title='bbox 1022 1887 1055 1937; x_wconf 89' lang='lat' dir='ltr'><strong>ut</strong></span> <span class='ocrx_word' id='word_1_134' title='bbox 1076 1878 1107 1936; x_wconf 92' lang='lat' dir='ltr'><strong>hi</strong></span> <span class='ocrx_word' id='word_1_135' title='bbox 1129 1879 1168 1936; x_wconf 88' lang='lat' dir='ltr'><strong>ad</strong></span> <span class='ocrx_word' id='word_1_136' title='bbox 1190 1898 1254 1936; x_wconf 88' lang='lat' dir='ltr'><strong>earn</strong></span> <span class='ocrx_word' id='word_1_137' title='bbox 1278 1878 1361 1936; x_wconf 87' lang='lat' dir='ltr'><strong>nullo</strong></span> <span class='ocrx_word' id='word_1_138' title='bbox 1382 1889 1470 1954; x_wconf 88' lang='lat' dir='ltr'><strong>pacto</strong></span> 
     </span>
     <span class='ocr_line' id='line_1_15' title="bbox 137 1977 1470 2059; baseline 0 -21"><span class='ocrx_word' id='word_1_139' title='bbox 137 1977 414 2057; x_wconf 89' lang='lat' dir='ltr'><strong>admitterentur¹),</strong></span> <span class='ocrx_word' id='word_1_140' title='bbox 438 1981 484 2039; x_wconf 92' lang='lat' dir='ltr'><strong>illi</strong></span> <span class='ocrx_word' id='word_1_141' title='bbox 505 1983 549 2040; x_wconf 90' lang='lat' dir='ltr'><strong>ita</strong></span> <span class='ocrx_word' id='word_1_142' title='bbox 569 1981 812 2052; x_wconf 84' lang='lat' dir='ltr'><strong>admitterentur,</strong></span> <span class='ocrx_word' id='word_1_143' title='bbox 840 1991 873 2041; x_wconf 90' lang='lat' dir='ltr'><strong>ut</strong></span> <span class='ocrx_word' id='word_1_144' title='bbox 893 1981 968 2059; x_wconf 91' lang='lat' dir='ltr'><strong>ipsis</strong></span> <span class='ocrx_word' id='word_1_145' title='bbox 991 1981 1181 2056; x_wconf 88' lang='lat' dir='ltr'><strong>posterisque</strong></span> <span class='ocrx_word' id='word_1_146' title='bbox 1202 1989 1232 2038; x_wconf 89' lang='lat' dir='ltr'><strong>et</strong></span> <span class='ocrx_word' id='word_1_147' title='bbox 1252 1981 1299 2039; x_wconf 89' lang='lat' dir='ltr'><strong>ius</strong></span> <span class='ocrx_word' id='word_1_148' title='bbox 1322 1981 1470 2038; x_wconf 89' lang='lat' dir='ltr'><strong>honorum</strong></span> 
     </span>
     <span class='ocr_line' id='line_1_16' title="bbox 137 2081 1470 2161; baseline 0.001 -22"><span class='ocrx_word' id='word_1_149' title='bbox 137 2081 253 2141; x_wconf 88' lang='lat' dir='ltr'><strong>deesset</strong></span> <span class='ocrx_word' id='word_1_150' title='bbox 276 2091 306 2141; x_wconf 90' lang='lat' dir='ltr'><strong>et</strong></span> <span class='ocrx_word' id='word_1_151' title='bbox 325 2083 369 2141; x_wconf 89' lang='lat' dir='ltr'><strong>ita</strong></span> <span class='ocrx_word' id='word_1_152' title='bbox 382 2103 402 2141; x_wconf 87' lang='lat' dir='ltr'><strong>a</strong></span> <span class='ocrx_word' id='word_1_153' title='bbox 417 2095 522 2142; x_wconf 88' lang='lat' dir='ltr'><strong>senatu</strong></span> <span class='ocrx_word' id='word_1_154' title='bbox 538 2095 717 2144; x_wconf 89' lang='lat' dir='ltr'><strong>arcerentur.</strong></span> <span class='ocrx_word' id='word_1_155' title='bbox 728 2083 759 2161; x_wconf 76' lang='lat'><strong>²)</strong></span> <span class='ocrx_word' id='word_1_156' title='bbox 789 2084 865 2143; x_wconf 83' lang='lat' dir='ltr'><strong>Eam</strong></span> <span class='ocrx_word' id='word_1_157' title='bbox 881 2083 1097 2143; x_wconf 89' lang='lat' dir='ltr'><strong>ordinationem</strong></span> <span class='ocrx_word' id='word_1_158' title='bbox 1113 2083 1290 2140; x_wconf 90' lang='lat' dir='ltr'><strong>confirmant</strong></span> <span class='ocrx_word' id='word_1_159' title='bbox 1304 2082 1470 2142; x_wconf 90' lang='lat' dir='ltr'><strong>illustrant-</strong></span> 
     </span>
     <span class='ocr_line' id='line_1_17' title="bbox 136 2184 1468 2265; baseline 0.002 -24"><span class='ocrx_word' id='word_1_160' title='bbox 136 2201 193 2260; x_wconf 86' lang='lat' dir='ltr'><strong>que</strong></span> <span class='ocrx_word' id='word_1_161' title='bbox 214 2185 293 2243; x_wconf 90' lang='lat' dir='ltr'><strong>tituli</strong></span> <span class='ocrx_word' id='word_1_162' title='bbox 313 2185 545 2262; x_wconf 85' lang='lat' dir='ltr'><strong>legionariorum</strong></span> <span class='ocrx_word' id='word_1_163' title='bbox 573 2188 724 2246; x_wconf 85' lang='lat' dir='ltr'><strong>exercitus</strong></span> <span class='ocrx_word' id='word_1_164' title='bbox 745 2186 940 2265; x_wconf 85' lang='lat' dir='ltr'><strong>Aegyptiaci,</strong></span> <span class='ocrx_word' id='word_1_165' title='bbox 967 2186 1151 2263; x_wconf 89' lang='lat' dir='ltr'><strong>Aegyptium</strong></span> <span class='ocrx_word' id='word_1_166' title='bbox 1178 2184 1327 2244; x_wconf 90' lang='lat' dir='ltr'><strong>homiuem</strong></span> <span class='ocrx_word' id='word_1_167' title='bbox 1355 2185 1468 2243; x_wconf 89' lang='lat' dir='ltr'><strong>nullum</strong></span> 
     </span>
     <span class='ocr_line' id='line_1_18' title="bbox 135 2286 1468 2364; baseline 0.001 -21"><span class='ocrx_word' id='word_1_168' title='bbox 135 2287 336 2361; x_wconf 88' lang='lat' dir='ltr'><strong>nominantes,</strong></span> <span class='ocrx_word' id='word_1_169' title='bbox 359 2288 414 2348; x_wconf 89' lang='lat' dir='ltr'><strong>scd</strong></span> <span class='ocrx_word' id='word_1_170' title='bbox 436 2309 474 2348; x_wconf 85' lang='lat' dir='ltr'><strong>ex</strong></span> <span class='ocrx_word' id='word_1_171' title='bbox 496 2289 667 2349; x_wconf 89' lang='lat' dir='ltr'><strong>civitatibus</strong></span> <span class='ocrx_word' id='word_1_172' title='bbox 691 2288 823 2362; x_wconf 80' lang='lat' dir='ltr'><strong>Graecis¹</strong></span> <span class='ocrx_word' id='word_1_173' title='bbox 839 2289 935 2348; x_wconf 89' lang='lat' dir='ltr'><strong>tribas</strong></span> <span class='ocrx_word' id='word_1_174' title='bbox 955 2287 1209 2364; x_wconf 76' lang='lat' dir='ltr'><strong>Alexandrea³)‚</strong></span> <span class='ocrx_word' id='word_1_175' title='bbox 1232 2286 1468 2363; x_wconf 83' lang='lat' dir='ltr'><strong>Ptolemaide⁴),</strong></span> 
     </span>
     <span class='ocr_line' id='line_1_19' title="bbox 134 2385 1468 2469; baseline 0 -22"><span class='ocrx_word' id='word_1_176' title='bbox 134 2385 353 2468; x_wconf 81' lang='lat' dir='ltr'><strong>Paraetonio⁵)</strong></span> <span class='ocrx_word' id='word_1_177' title='bbox 381 2391 496 2468; x_wconf 89' lang='lat' dir='ltr'><strong>aliquot</strong></span> <span class='ocrx_word' id='word_1_178' title='bbox 521 2392 560 2452; x_wconf 88' lang='lat' dir='ltr'><strong>ad</strong></span> <span class='ocrx_word' id='word_1_179' title='bbox 586 2393 737 2452; x_wconf 78' lang='lat' dir='ltr'><strong>civitatem</strong></span> <span class='ocrx_word' id='word_1_180' title='bbox 764 2391 931 2451; x_wconf 87' lang='lat' dir='ltr'><strong>Romanam</strong></span> <span class='ocrx_word' id='word_1_181' title='bbox 959 2399 1082 2469; x_wconf 89' lang='lat' dir='ltr'><strong>propter</strong></span> <span class='ocrx_word' id='word_1_182' title='bbox 1115 2390 1249 2449; x_wconf 88' lang='lat' dir='ltr'><strong>militiam</strong></span> <span class='ocrx_word' id='word_1_183' title='bbox 1277 2389 1391 2449; x_wconf 91' lang='lat' dir='ltr'><strong>scilicet</strong></span> <span class='ocrx_word' id='word_1_184' title='bbox 1418 2389 1468 2447; x_wconf 88' lang='lat' dir='ltr'><strong>ad-</strong></span> 
     </span>
    </p>
   </div>
   <div class='ocr_carea' id='block_1_3' title="bbox 126 2567 1468 5241">
    <p class='ocr_par' dir='ltr' id='par_1_4' title="bbox 129 2567 1468 3752">
     <span class='ocr_line' id='line_1_20' title="bbox 192 2567 1468 2650; baseline 0.001 -23"><span class='ocrx_word' id='word_1_185' title='bbox 192 2573 215 2637; x_wconf 91' lang='lat'><strong>¹)</strong></span> <span class='ocrx_word' id='word_1_186' title='bbox 235 2576 364 2642; x_wconf 84' lang='lat' dir='ltr'><strong>Iosephus</strong></span> <span class='ocrx_word' id='word_1_187' title='bbox 384 2587 474 2632; x_wconf 71' lang='lat' dir='ltr'><strong>conns</strong></span> <span class='ocrx_word' id='word_1_188' title='bbox 485 2581 617 2647; x_wconf 89' lang='lat' dir='ltr'><strong>Apionem</strong></span> <span class='ocrx_word' id='word_1_189' title='bbox 636 2584 662 2644; x_wconf 80' lang='lat'><strong>2,</strong></span> <span class='ocrx_word' id='word_1_190' title='bbox 681 2581 712 2632; x_wconf 78' lang='lat'><strong>4:</strong></span> <span class='ocrx_word' id='word_1_191' title='bbox 732 2569 819 2650; x_wconf 70' lang='grc' dir='ltr'>μένοις</span> <span class='ocrx_word' id='word_1_192' title='bbox 830 2573 978 2648; x_wconf 76' lang='lat' dir='ltr'><strong>Alynnriam</strong></span> <span class='ocrx_word' id='word_1_193' title='bbox 998 2576 1023 2630; x_wconf 82' lang='lat' dir='ltr'><strong>ai</strong></span> <span class='ocrx_word' id='word_1_194' title='bbox 1041 2567 1121 2648; x_wconf 76' lang='lat' dir='ltr'><strong>eripiat</strong></span> <span class='ocrx_word' id='word_1_195' title='bbox 1140 2575 1179 2629; x_wconf 78' lang='grc' dir='ltr'><strong>νῦν</strong></span> <span class='ocrx_word' id='word_1_196' title='bbox 1189 2569 1310 2646; x_wconf 74' lang='grc' dir='ltr'>Ῥωμαῖοι</span> <span class='ocrx_word' id='word_1_197' title='bbox 1326 2575 1370 2643; x_wconf 77' lang='grc' dir='ltr'><strong>τῆς</strong></span> <span class='ocrx_word' id='word_1_198' title='bbox 1388 2575 1468 2628; x_wconf 68' lang='lat' dir='ltr'><strong>airam</strong></span> 
     </span>
     <span class='ocr_line' id='line_1_21' title="bbox 133 2660 1467 2740; baseline 0.002 -24"><span class='ocrx_word' id='word_1_199' title='bbox 133 2663 204 2734; x_wconf 69' lang='lat' dir='ltr'><strong>pr&#39;nyt</strong></span> <span class='ocrx_word' id='word_1_200' title='bbox 222 2660 428 2740; x_wconf 62' lang='lat' dir='ltr'><strong>paratapda&#39;rrn</strong></span> <span class='ocrx_word' id='word_1_201' title='bbox 446 2662 593 2736; x_wconf 67' lang='grc' dir='ltr'><strong><em>ἡστινοσοῦν</em></strong></span> <span class='ocrx_word' id='word_1_202' title='bbox 610 2667 741 2730; x_wconf 73' lang='grc' dir='ltr'>πολιτείας</span> <span class='ocrx_word' id='word_1_203' title='bbox 759 2662 929 2740; x_wconf 57' lang='lat' dir='ltr'><strong>desipiscen-</strong></span> <span class='ocrx_word' id='word_1_204' title='bbox 968 2691 990 2724; x_wconf 91' lang='lat' dir='ltr'><strong>c.</strong></span> <span class='ocrx_word' id='word_1_205' title='bbox 1005 2674 1036 2724; x_wconf 83' lang='lat'><strong>6:</strong></span> <span class='ocrx_word' id='word_1_206' title='bbox 1058 2673 1192 2740; x_wconf 66' lang='lat' dir='ltr'><strong>Aegyptiis</strong></span> <span class='ocrx_word' id='word_1_207' title='bbox 1209 2687 1286 2738; x_wconf 81' lang='lat' dir='ltr'><strong>neque</strong></span> <span class='ocrx_word' id='word_1_208' title='bbox 1302 2687 1388 2738; x_wconf 73' lang='lat' dir='ltr'><strong>regam</strong></span> <span class='ocrx_word' id='word_1_209' title='bbox 1400 2671 1467 2737; x_wconf 80' lang='lat' dir='ltr'><strong>qnis-</strong></span> 
     </span>
     <span class='ocr_line' id='line_1_22' title="bbox 132 2760 1468 2834; baseline 0.003 -25"><span class='ocrx_word' id='word_1_210' title='bbox 132 2777 204 2826; x_wconf 74' lang='lat' dir='ltr'><strong>quam</strong></span> <span class='ocrx_word' id='word_1_211' title='bbox 221 2760 322 2813; x_wconf 81' lang='lat' dir='ltr'><strong>videtur</strong></span> <span class='ocrx_word' id='word_1_212' title='bbox 340 2765 381 2816; x_wconf 84' lang='lat' dir='ltr'><strong>ias</strong></span> <span class='ocrx_word' id='word_1_213' title='bbox 399 2766 512 2816; x_wconf 82' lang='lat' dir='ltr'><strong>civitatis</strong></span> <span class='ocrx_word' id='word_1_214' title='bbox 522 2766 608 2832; x_wconf 84' lang='lat' dir='ltr'><strong>faisse</strong></span> <span class='ocrx_word' id='word_1_215' title='bbox 628 2767 738 2834; x_wconf 69' lang='lat' dir='ltr'><strong>largitas</strong></span> <span class='ocrx_word' id='word_1_216' title='bbox 756 2781 833 2834; x_wconf 81' lang='lat' dir='ltr'><strong>neque</strong></span> <span class='ocrx_word' id='word_1_217' title='bbox 852 2783 916 2816; x_wconf 86' lang='lat' dir='ltr'><strong>nana</strong></span> <span class='ocrx_word' id='word_1_218' title='bbox 935 2763 1038 2833; x_wconf 77' lang='lat' dir='ltr'><strong>quilibet</strong></span> <span class='ocrx_word' id='word_1_219' title='bbox 1055 2767 1240 2834; x_wconf 80' lang='lat' dir='ltr'><strong>imperatorum.</strong></span> <span class='ocrx_word' id='word_1_220' title='bbox 1284 2763 1386 2814; x_wconf 89' lang='lat' dir='ltr'><strong>Plinius</strong></span> <span class='ocrx_word' id='word_1_221' title='bbox 1409 2779 1468 2813; x_wconf 88' lang='lat' dir='ltr'><strong>cum</strong></span> 
     </span>
     <span class='ocr_line' id='line_1_23' title="bbox 132 2851 1467 2924; baseline -0.001 -20"><span class='ocrx_word' id='word_1_222' title='bbox 132 2854 281 2906; x_wconf 84' lang='lat' dir='ltr'><strong>aTraiano</strong></span> <span class='ocrx_word' id='word_1_223' title='bbox 301 2856 352 2922; x_wconf 85' lang='lat' dir='ltr'><strong>(ep.</strong></span> <span class='ocrx_word' id='word_1_224' title='bbox 368 2858 394 2920; x_wconf 83' lang='lat'><strong>5)</strong></span> <span class='ocrx_word' id='word_1_225' title='bbox 414 2860 544 2924; x_wconf 84' lang='lat' dir='ltr'><strong>Aegyptio</strong></span> <span class='ocrx_word' id='word_1_226' title='bbox 570 2859 669 2910; x_wconf 89' lang='lat' dir='ltr'><strong>bomini</strong></span> <span class='ocrx_word' id='word_1_227' title='bbox 688 2859 843 2924; x_wconf 87' lang='lat' dir='ltr'><strong>Harpocrati</strong></span> <span class='ocrx_word' id='word_1_228' title='bbox 862 2859 955 2909; x_wconf 90' lang='lat' dir='ltr'><strong>liberto</strong></span> <span class='ocrx_word' id='word_1_229' title='bbox 975 2858 1142 2909; x_wconf 80' lang='lat' dir='ltr'><strong>Thermuthis</strong></span> <span class='ocrx_word' id='word_1_230' title='bbox 1161 2857 1278 2908; x_wconf 87' lang='lat' dir='ltr'><strong>Theonis</strong></span> <span class='ocrx_word' id='word_1_231' title='bbox 1302 2851 1377 2924; x_wconf 79' lang='lat' dir='ltr'><strong>nopai</strong></span> <span class='ocrx_word' id='word_1_232' title='bbox 1395 2854 1467 2922; x_wconf 79' lang='grc' dir='ltr'>Μιμ-</span> 
     </span>
     <span class='ocr_line' id='line_1_24' title="bbox 132 2938 1467 3018; baseline 0.002 -24"><span class='ocrx_word' id='word_1_233' title='bbox 132 2938 204 3011; x_wconf 69' lang='grc' dir='ltr'><strong><em>ψίτου</em></strong></span> <span class='ocrx_word' id='word_1_234' title='bbox 225 2947 276 3014; x_wconf 89' lang='lat' dir='ltr'><strong>(ap.</strong></span> <span class='ocrx_word' id='word_1_235' title='bbox 292 2947 336 3010; x_wconf 89' lang='grc'>10)</span> <span class='ocrx_word' id='word_1_236' title='bbox 362 2950 493 3001; x_wconf 81' lang='lat' dir='ltr'><strong>civitatem</strong></span> <span class='ocrx_word' id='word_1_237' title='bbox 515 2951 661 3002; x_wconf 87' lang='lat' dir='ltr'><strong>Romanam</strong></span> <span class='ocrx_word' id='word_1_238' title='bbox 684 2953 862 3018; x_wconf 84' lang='lat' dir='ltr'><strong>impetrasset,</strong></span> <span class='ocrx_word' id='word_1_239' title='bbox 885 2951 979 3002; x_wconf 88' lang='lat' dir='ltr'><strong>deinde</strong></span> <span class='ocrx_word' id='word_1_240' title='bbox 1004 2950 1055 3016; x_wconf 88' lang='lat' dir='ltr'><strong>(ep.</strong></span> <span class='ocrx_word' id='word_1_241' title='bbox 1069 2950 1096 3013; x_wconf 87' lang='grc'><strong>6)</strong></span> <span class='ocrx_word' id='word_1_242' title='bbox 1121 2949 1263 3000; x_wconf 86' lang='lat' dir='ltr'><strong>admonitas</strong></span> <span class='ocrx_word' id='word_1_243' title='bbox 1285 2965 1348 3009; x_wconf 75' lang='lat' dir='ltr'><strong>sarrs,</strong></span> <span class='ocrx_word' id='word_1_244' title='bbox 1375 2949 1424 3010; x_wconf 90' lang='lat' dir='ltr'><strong>ait,</strong></span> <span class='ocrx_word' id='word_1_245' title='bbox 1449 2965 1467 2997; x_wconf 90' lang='lat' dir='ltr'><strong>a</strong></span> 
     </span>
     <span class='ocr_line' id='line_1_25' title="bbox 130 3037 1466 3112; baseline 0.001 -22"><span class='ocrx_word' id='word_1_246' title='bbox 130 3037 293 3100; x_wconf 63' lang='lat' dir='ltr'><strong>restantem</strong></span> <span class='ocrx_word' id='word_1_247' title='bbox 311 3038 424 3093; x_wconf 59' lang='lat' dir='ltr'><strong>&amp;baiam</strong></span> <span class='ocrx_word' id='word_1_248' title='bbox 442 3059 479 3093; x_wconf 89' lang='lat' dir='ltr'><strong>me</strong></span> <span class='ocrx_word' id='word_1_249' title='bbox 497 3050 555 3094; x_wconf 88' lang='lat' dir='ltr'><strong>ante</strong></span> <span class='ocrx_word' id='word_1_250' title='bbox 568 3042 769 3094; x_wconf 72' lang='lat' dir='ltr'><strong>Alexandrinam</strong></span> <span class='ocrx_word' id='word_1_251' title='bbox 781 3044 906 3094; x_wconf 85' lang='lat' dir='ltr'><strong>civitatem</strong></span> <span class='ocrx_word' id='word_1_252' title='bbox 919 3045 1060 3112; x_wconf 84' lang='lat' dir='ltr'><strong>impetrare,</strong></span> <span class='ocrx_word' id='word_1_253' title='bbox 1082 3041 1170 3094; x_wconf 82' lang='lat' dir='ltr'><strong>deinde</strong></span> <span class='ocrx_word' id='word_1_254' title='bbox 1183 3041 1329 3105; x_wconf 81' lang='lat' dir='ltr'><strong>Romanam,</strong></span> <span class='ocrx_word' id='word_1_255' title='bbox 1349 3041 1466 3108; x_wconf 80' lang='lat' dir='ltr'><strong>qnoniam</strong></span> 
     </span>
     <span class='ocr_line' id='line_1_26' title="bbox 131 3132 1464 3205; baseline 0.003 -26"><span class='ocrx_word' id='word_1_256' title='bbox 131 3137 194 3180; x_wconf 81' lang='lat' dir='ltr'><strong>esset</strong></span> <span class='ocrx_word' id='word_1_257' title='bbox 205 3132 363 3201; x_wconf 67' lang='lat' dir='ltr'><strong>Aegyptiae:</strong></span> <span class='ocrx_word' id='word_1_258' title='bbox 382 3151 428 3202; x_wconf 71' lang='lat' dir='ltr'><strong>epa</strong></span> <span class='ocrx_word' id='word_1_259' title='bbox 441 3143 529 3200; x_wconf 81' lang='lat' dir='ltr'><strong>antem,</strong></span> <span class='ocrx_word' id='word_1_260' title='bbox 551 3137 612 3203; x_wconf 82' lang='lat' dir='ltr'><strong>qaia</strong></span> <span class='ocrx_word' id='word_1_261' title='bbox 631 3137 695 3187; x_wconf 87' lang='lat' dir='ltr'><strong>inter</strong></span> <span class='ocrx_word' id='word_1_262' title='bbox 708 3137 849 3205; x_wconf 70' lang='lat' dir='ltr'><strong>Aegyptias</strong></span> <span class='ocrx_word' id='word_1_263' title='bbox 867 3143 1008 3203; x_wconf 80' lang='lat' dir='ltr'><strong>ceterosque</strong></span> <span class='ocrx_word' id='word_1_264' title='bbox 1025 3137 1173 3204; x_wconf 66' lang='lat' dir='ltr'><strong>peregrinas</strong></span> <span class='ocrx_word' id='word_1_265' title='bbox 1191 3133 1257 3186; x_wconf 77' lang='lat' dir='ltr'><strong>nibil</strong></span> <span class='ocrx_word' id='word_1_266' title='bbox 1274 3135 1393 3185; x_wconf 83' lang='lat' dir='ltr'><strong>interesse</strong></span> <span class='ocrx_word' id='word_1_267' title='bbox 1412 3149 1464 3184; x_wconf 86' lang='lat' dir='ltr'><strong>cre·</strong></span> 
     </span>
     <span class='ocr_line' id='line_1_27' title="bbox 130 3221 1464 3295; baseline 0.002 -22"><span class='ocrx_word' id='word_1_268' title='bbox 130 3221 229 3286; x_wconf 79' lang='lat' dir='ltr'><strong>dabam,</strong></span> <span class='ocrx_word' id='word_1_269' title='bbox 255 3233 386 3277; x_wconf 78' lang='lat' dir='ltr'><strong>mutentur</strong></span> <span class='ocrx_word' id='word_1_270' title='bbox 398 3227 503 3293; x_wconf 79' lang='lat' dir='ltr'><strong>sueram</strong></span> <span class='ocrx_word' id='word_1_271' title='bbox 526 3227 574 3280; x_wconf 81' lang='lat' dir='ltr'><strong>loc</strong></span> <span class='ocrx_word' id='word_1_272' title='bbox 597 3229 676 3280; x_wconf 84' lang='lat' dir='ltr'><strong>salam</strong></span> <span class='ocrx_word' id='word_1_273' title='bbox 700 3227 809 3281; x_wconf 78' lang='lat' dir='ltr'><strong>amitere</strong></span> <span class='ocrx_word' id='word_1_274' title='bbox 834 3227 882 3280; x_wconf 76' lang='lat' dir='ltr'><strong>tiit</strong></span> <span class='ocrx_word' id='word_1_275' title='bbox 904 3245 957 3280; x_wconf 82' lang='lat' dir='ltr'><strong>eam</strong></span> <span class='ocrx_word' id='word_1_276' title='bbox 975 3229 1071 3280; x_wconf 79' lang='lat' dir='ltr'><strong>scilicet</strong></span> <span class='ocrx_word' id='word_1_277' title='bbox 1094 3246 1110 3278; x_wconf 89' lang='lat' dir='ltr'><strong>a</strong></span> <span class='ocrx_word' id='word_1_278' title='bbox 1123 3228 1265 3295; x_wconf 70' lang='lat' dir='ltr'><strong>peregrina</strong></span> <span class='ocrx_word' id='word_1_279' title='bbox 1282 3226 1464 3278; x_wconf 64' lang='lat' dir='ltr'><strong>manumissam.</strong></span> 
     </span>
     <span class='ocr_line' id='line_1_28' title="bbox 130 3314 1464 3387; baseline 0.003 -21"><span class='ocrx_word' id='word_1_280' title='bbox 130 3314 269 3368; x_wconf 85' lang='lat' dir='ltr'><strong>Pristinam</strong></span> <span class='ocrx_word' id='word_1_281' title='bbox 289 3319 452 3371; x_wconf 72' lang='lat' dir='ltr'><strong>retentatam</strong></span> <span class='ocrx_word' id='word_1_282' title='bbox 470 3336 487 3372; x_wconf 89' lang='lat' dir='ltr'><strong>a</strong></span> <span class='ocrx_word' id='word_1_283' title='bbox 504 3321 617 3387; x_wconf 91' lang='lat' dir='ltr'><strong>Iosepho</strong></span> <span class='ocrx_word' id='word_1_284' title='bbox 637 3328 756 3373; x_wconf 87' lang='lat' dir='ltr'><strong>testatam</strong></span> <span class='ocrx_word' id='word_1_285' title='bbox 775 3323 836 3373; x_wconf 85' lang='lat' dir='ltr'><strong>laxa</strong></span> <span class='ocrx_word' id='word_1_286' title='bbox 854 3323 1003 3387; x_wconf 86' lang='lat' dir='ltr'><strong>posterioris</strong></span> <span class='ocrx_word' id='word_1_287' title='bbox 1026 3322 1118 3372; x_wconf 87' lang='lat' dir='ltr'><strong>aetatis</strong></span> <span class='ocrx_word' id='word_1_288' title='bbox 1142 3321 1305 3386; x_wconf 83' lang='lat' dir='ltr'><strong>indulgentia</strong></span> <span class='ocrx_word' id='word_1_289' title='bbox 1327 3320 1464 3371; x_wconf 78' lang='lat' dir='ltr'><strong>infractam</strong></span> 
     </span>
     <span class='ocr_line' id='line_1_29' title="bbox 129 3409 1462 3480; baseline 0.002 -21"><span class='ocrx_word' id='word_1_290' title='bbox 129 3409 210 3474; x_wconf 79' lang='lat' dir='ltr'><strong>magis</strong></span> <span class='ocrx_word' id='word_1_291' title='bbox 222 3425 279 3462; x_wconf 86' lang='lat' dir='ltr'><strong>esse</strong></span> <span class='ocrx_word' id='word_1_292' title='bbox 293 3427 371 3478; x_wconf 84' lang='lat' dir='ltr'><strong>qnam</strong></span> <span class='ocrx_word' id='word_1_293' title='bbox 384 3420 510 3464; x_wconf 86' lang='lat' dir='ltr'><strong>mutatam</strong></span> <span class='ocrx_word' id='word_1_294' title='bbox 521 3415 606 3480; x_wconf 91' lang='lat' dir='ltr'><strong>ipsum</strong></span> <span class='ocrx_word' id='word_1_295' title='bbox 625 3430 776 3480; x_wconf 85' lang='lat' dir='ltr'><strong>responsum</strong></span> <span class='ocrx_word' id='word_1_296' title='bbox 791 3415 900 3466; x_wconf 84' lang='lat' dir='ltr'><strong>Traiani</strong></span> <span class='ocrx_word' id='word_1_297' title='bbox 919 3413 970 3479; x_wconf 89' lang='lat' dir='ltr'><strong>(ep.</strong></span> <span class='ocrx_word' id='word_1_298' title='bbox 982 3417 997 3464; x_wconf 87' lang='grc'><strong>7</strong></span> <span class='ocrx_word' id='word_1_299' title='bbox 1012 3414 1045 3465; x_wconf 86' lang='lat' dir='ltr'><strong>ci.</strong></span> <span class='ocrx_word' id='word_1_300' title='bbox 1058 3410 1104 3478; x_wconf 92' lang='grc'>10)</span> <span class='ocrx_word' id='word_1_301' title='bbox 1123 3428 1176 3464; x_wconf 89' lang='lat' dir='ltr'><strong>non</strong></span> <span class='ocrx_word' id='word_1_302' title='bbox 1195 3412 1303 3464; x_wconf 87' lang='lat' dir='ltr'><strong>obscure</strong></span> <span class='ocrx_word' id='word_1_303' title='bbox 1322 3413 1462 3478; x_wconf 83' lang='lat' dir='ltr'><strong>signifieat:</strong></span> 
     </span>
     <span class='ocr_line' id='line_1_30' title="bbox 129 3501 1464 3575; baseline 0 -22"><span class='ocrx_word' id='word_1_304' title='bbox 129 3501 254 3553; x_wconf 71' lang='lat' dir='ltr'><strong>unitatem</strong></span> <span class='ocrx_word' id='word_1_305' title='bbox 272 3503 475 3557; x_wconf 70' lang='lat' dir='ltr'><strong>Alexandrinam</strong></span> <span class='ocrx_word' id='word_1_306' title='bbox 493 3506 624 3558; x_wconf 83' lang='lat' dir='ltr'><strong>secandam</strong></span> <span class='ocrx_word' id='word_1_307' title='bbox 642 3508 821 3558; x_wconf 77' lang='lat' dir='ltr'><strong>institutionem</strong></span> <span class='ocrx_word' id='word_1_308' title='bbox 838 3507 981 3575; x_wconf 78' lang='lat' dir='ltr'><strong>principun</strong></span> <span class='ocrx_word' id='word_1_309' title='bbox 998 3523 1048 3558; x_wconf 87' lang='lat' dir='ltr'><strong>non</strong></span> <span class='ocrx_word' id='word_1_310' title='bbox 1067 3513 1154 3556; x_wconf 70' lang='lat' dir='ltr'><strong>temne</strong></span> <span class='ocrx_word' id='word_1_311' title='bbox 1174 3503 1236 3556; x_wconf 86' lang='lat' dir='ltr'><strong>dare</strong></span> <span class='ocrx_word' id='word_1_312' title='bbox 1254 3505 1393 3572; x_wconf 82' lang='lat' dir='ltr'><strong>proposui:</strong></span> <span class='ocrx_word' id='word_1_313' title='bbox 1419 3502 1464 3554; x_wconf 85' lang='lat' dir='ltr'><strong>aed</strong></span> 
     </span>
     <span class='ocr_line' id='line_1_31' title="bbox 130 3591 1461 3668; baseline 0.002 -24"><span class='ocrx_word' id='word_1_314' title='bbox 130 3609 183 3644; x_wconf 77' lang='lat' dir='ltr'><strong>ram</strong></span> <span class='ocrx_word' id='word_1_315' title='bbox 194 3591 357 3664; x_wconf 78' lang='lat' dir='ltr'><strong>Hmpoerati</strong></span> <span class='ocrx_word' id='word_1_316' title='bbox 375 3600 497 3650; x_wconf 86' lang='lat' dir='ltr'><strong>....iam</strong></span> <span class='ocrx_word' id='word_1_317' title='bbox 516 3601 641 3652; x_wconf 84' lang='lat' dir='ltr'><strong>civitatem</strong></span> <span class='ocrx_word' id='word_1_318' title='bbox 660 3599 798 3652; x_wconf 87' lang='lat' dir='ltr'><strong>Romanam</strong></span> <span class='ocrx_word' id='word_1_319' title='bbox 816 3600 1000 3668; x_wconf 82' lang='lat' dir='ltr'><strong>impetraveris,</strong></span> <span class='ocrx_word' id='word_1_320' title='bbox 1021 3597 1078 3650; x_wconf 80' lang='lat' dir='ltr'><strong>inin</strong></span> <span class='ocrx_word' id='word_1_321' title='bbox 1097 3613 1192 3666; x_wconf 80' lang='lat' dir='ltr'><strong>qaoque</strong></span> <span class='ocrx_word' id='word_1_322' title='bbox 1208 3597 1327 3666; x_wconf 83' lang='lat' dir='ltr'><strong>petitioni</strong></span> <span class='ocrx_word' id='word_1_323' title='bbox 1345 3604 1402 3648; x_wconf 82' lang='lat' dir='ltr'><strong>tane</strong></span> <span class='ocrx_word' id='word_1_324' title='bbox 1420 3612 1461 3646; x_wconf 87' lang='lat' dir='ltr'><strong>ne-</strong></span> 
     </span>
     <span class='ocr_line' id='line_1_32' title="bbox 129 3691 397 3752; baseline 0.022 -16"><span class='ocrx_word' id='word_1_325' title='bbox 129 3703 192 3752; x_wconf 77' lang='lat' dir='ltr'><strong>yart</strong></span> <span class='ocrx_word' id='word_1_326' title='bbox 209 3705 260 3740; x_wconf 86' lang='lat' dir='ltr'><strong>nan</strong></span> <span class='ocrx_word' id='word_1_327' title='bbox 279 3691 397 3742; x_wconf 68' lang='lat' dir='ltr'><strong>menneo.</strong></span> 
     </span>
    </p>

    <p class='ocr_par' dir='ltr' id='par_1_5' title="bbox 127 3778 1462 4221">
     <span class='ocr_line' id='line_1_33' title="bbox 186 3778 1462 3853; baseline -0.001 -20"><span class='ocrx_word' id='word_1_328' title='bbox 186 3778 212 3848; x_wconf 87' lang='lat'><strong>¹)</strong></span> <span class='ocrx_word' id='word_1_329' title='bbox 231 3781 344 3846; x_wconf 86' lang='lat' dir='ltr'><strong>Di051,</strong></span> <span class='ocrx_word' id='word_1_330' title='bbox 361 3781 404 3834; x_wconf 87' lang='grc'><strong>17.</strong></span> <span class='ocrx_word' id='word_1_331' title='bbox 434 3785 497 3837; x_wconf 86' lang='lat' dir='ltr'><strong>Non</strong></span> <span class='ocrx_word' id='word_1_332' title='bbox 515 3786 597 3852; x_wconf 81' lang='lat' dir='ltr'><strong>magis</strong></span> <span class='ocrx_word' id='word_1_333' title='bbox 616 3785 657 3837; x_wconf 91' lang='lat' dir='ltr'><strong>his</strong></span> <span class='ocrx_word' id='word_1_334' title='bbox 675 3787 835 3853; x_wconf 87' lang='lat' dir='ltr'><strong>posterisque</strong></span> <span class='ocrx_word' id='word_1_335' title='bbox 855 3802 944 3837; x_wconf 88' lang='lat' dir='ltr'><strong>eorum</strong></span> <span class='ocrx_word' id='word_1_336' title='bbox 963 3785 1048 3836; x_wconf 85' lang='lat' dir='ltr'><strong>iocum</strong></span> <span class='ocrx_word' id='word_1_337' title='bbox 1068 3786 1124 3836; x_wconf 90' lang='lat' dir='ltr'><strong>dari</strong></span> <span class='ocrx_word' id='word_1_338' title='bbox 1143 3786 1256 3850; x_wconf 88' lang='lat' dir='ltr'><strong>potuisse</strong></span> <span class='ocrx_word' id='word_1_339' title='bbox 1273 3785 1341 3834; x_wconf 90' lang='lat' dir='ltr'><strong>inter</strong></span> <span class='ocrx_word' id='word_1_340' title='bbox 1354 3783 1462 3834; x_wconf 87' lang='lat' dir='ltr'><strong>selectos</strong></span> 
     </span>
     <span class='ocr_line' id='line_1_34' title="bbox 128 3872 1462 3944; baseline 0.001 -22"><span class='ocrx_word' id='word_1_341' title='bbox 128 3872 224 3924; x_wconf 88' lang='lat' dir='ltr'><strong>iudices</strong></span> <span class='ocrx_word' id='word_1_342' title='bbox 243 3875 354 3925; x_wconf 80' lang='lat' dir='ltr'><strong>efficitur</strong></span> <span class='ocrx_word' id='word_1_343' title='bbox 372 3890 405 3926; x_wconf 87' lang='lat' dir='ltr'><strong>ex</strong></span> <span class='ocrx_word' id='word_1_344' title='bbox 424 3893 500 3928; x_wconf 79' lang='lat' dir='ltr'><strong>versu</strong></span> <span class='ocrx_word' id='word_1_345' title='bbox 513 3879 606 3944; x_wconf 87' lang='lat' dir='ltr'><strong>parieti</strong></span> <span class='ocrx_word' id='word_1_346' title='bbox 619 3879 779 3944; x_wconf 89' lang='lat' dir='ltr'><strong>Pompeiano</strong></span> <span class='ocrx_word' id='word_1_347' title='bbox 798 3879 921 3944; x_wconf 89' lang='lat' dir='ltr'><strong>inscripto</strong></span> <span class='ocrx_word' id='word_1_348' title='bbox 942 3879 1116 3929; x_wconf 80' lang='lat' dir='ltr'><strong>c.1v1943=</strong></span> <span class='ocrx_word' id='word_1_349' title='bbox 1136 3894 1186 3929; x_wconf 90' lang='lat' dir='ltr'><strong>non</strong></span> <span class='ocrx_word' id='word_1_350' title='bbox 1205 3884 1241 3929; x_wconf 84' lang='lat' dir='ltr'><strong>est</strong></span> <span class='ocrx_word' id='word_1_351' title='bbox 1260 3893 1290 3927; x_wconf 81' lang='lat' dir='ltr'><strong>en</strong></span> <span class='ocrx_word' id='word_1_352' title='bbox 1309 3873 1366 3926; x_wconf 81' lang='lat' dir='ltr'><strong>albo</strong></span> <span class='ocrx_word' id='word_1_353' title='bbox 1386 3874 1462 3924; x_wconf 76' lang='lat' dir='ltr'><strong>iader</strong></span> 
     </span>
     <span class='ocr_line' id='line_1_35' title="bbox 127 3967 1460 4037; baseline 0.002 -21"><span class='ocrx_word' id='word_1_354' title='bbox 127 3973 201 4030; x_wconf 78' lang='lat' dir='ltr'><strong>parre</strong></span> <span class='ocrx_word' id='word_1_355' title='bbox 214 3967 356 4035; x_wconf 65' lang='lat' dir='ltr'><strong>Aegyptim</strong></span> <span class='ocrx_word' id='word_1_356' title='bbox 376 3969 536 4036; x_wconf 84' lang='lat' dir='ltr'><strong>Aegyptium</strong></span> <span class='ocrx_word' id='word_1_357' title='bbox 554 3972 624 4022; x_wconf 87' lang='lat' dir='ltr'><strong>enim</strong></span> <span class='ocrx_word' id='word_1_358' title='bbox 642 3979 718 4037; x_wconf 87' lang='lat' dir='ltr'><strong>poeta</strong></span> <span class='ocrx_word' id='word_1_359' title='bbox 736 3967 792 4022; x_wconf 88' lang='lat' dir='ltr'><strong>sine</strong></span> <span class='ocrx_word' id='word_1_360' title='bbox 810 3972 888 4022; x_wconf 91' lang='lat' dir='ltr'><strong>dubio</strong></span> <span class='ocrx_word' id='word_1_361' title='bbox 903 3971 1031 4037; x_wconf 86' lang='lat' dir='ltr'><strong>siguificat</strong></span> <span class='ocrx_word' id='word_1_362' title='bbox 1043 3971 1124 4021; x_wconf 80' lang='lat' dir='ltr'><strong>civem</strong></span> <span class='ocrx_word' id='word_1_363' title='bbox 1139 3970 1267 4022; x_wconf 82' lang='lat' dir='ltr'><strong>Graecum</strong></span> <span class='ocrx_word' id='word_1_364' title='bbox 1282 3985 1315 4019; x_wconf 87' lang='lat' dir='ltr'><strong>ex</strong></span> <span class='ocrx_word' id='word_1_365' title='bbox 1329 3968 1460 4033; x_wconf 79' lang='lat' dir='ltr'><strong>Aegypto.</strong></span> 
     </span>
     <span class='ocr_line' id='line_1_36' title="bbox 128 4037 1460 4130; baseline 0.001 -22"><span class='ocrx_word' id='word_1_366' title='bbox 128 4057 203 4110; x_wconf 83' lang='lat' dir='ltr'><strong>Unde</strong></span> <span class='ocrx_word' id='word_1_367' title='bbox 221 4060 361 4112; x_wconf 73' lang='lat' dir='ltr'><strong>verisimile</strong></span> <span class='ocrx_word' id='word_1_368' title='bbox 380 4061 472 4112; x_wconf 89' lang='lat' dir='ltr'><strong>iisdem</strong></span> <span class='ocrx_word' id='word_1_369' title='bbox 491 4079 545 4113; x_wconf 90' lang='lat' dir='ltr'><strong>non</strong></span> <span class='ocrx_word' id='word_1_370' title='bbox 562 4064 647 4129; x_wconf 85' lang='lat' dir='ltr'><strong>magis</strong></span> <span class='ocrx_word' id='word_1_371' title='bbox 664 4079 755 4130; x_wconf 85' lang='lat' dir='ltr'><strong>equum</strong></span> <span class='ocrx_word' id='word_1_372' title='bbox 769 4064 901 4130; x_wconf 83' lang='lat' dir='ltr'><strong>pubiicum</strong></span> <span class='ocrx_word' id='word_1_373' title='bbox 914 4037 971 4114; x_wconf 87' lang='lat' dir='ltr'><strong>dari</strong></span> <span class='ocrx_word' id='word_1_374' title='bbox 982 4063 1086 4114; x_wconf 87' lang='lat' dir='ltr'><strong>licuisse</strong></span> <span class='ocrx_word' id='word_1_375' title='bbox 1100 4079 1176 4129; x_wconf 88' lang='lat' dir='ltr'><strong>quam</strong></span> <span class='ocrx_word' id='word_1_376' title='bbox 1190 4063 1301 4113; x_wconf 89' lang='lat' dir='ltr'><strong>honores</strong></span> <span class='ocrx_word' id='word_1_377' title='bbox 1316 4060 1460 4112; x_wconf 88' lang='lat' dir='ltr'><strong>senatorios</strong></span> 
     </span>
     <span class='ocr_line' id='line_1_37' title="bbox 128 4155 949 4221; baseline 0.012 -23"><span class='ocrx_word' id='word_1_378' title='bbox 128 4159 153 4200; x_wconf 83' lang='lat' dir='ltr'><strong>et</strong></span> <span class='ocrx_word' id='word_1_379' title='bbox 171 4159 311 4218; x_wconf 88' lang='lat' dir='ltr'><strong>propterea</strong></span> <span class='ocrx_word' id='word_1_380' title='bbox 329 4155 406 4205; x_wconf 85' lang='lat' dir='ltr'><strong>etiam</strong></span> <span class='ocrx_word' id='word_1_381' title='bbox 425 4155 585 4221; x_wconf 88' lang='lat' dir='ltr'><strong>equestribus</strong></span> <span class='ocrx_word' id='word_1_382' title='bbox 604 4155 746 4206; x_wconf 88' lang='lat' dir='ltr'><strong>bonoribus</strong></span> <span class='ocrx_word' id='word_1_383' title='bbox 765 4171 810 4208; x_wconf 90' lang='lat' dir='ltr'><strong>eos</strong></span> <span class='ocrx_word' id='word_1_384' title='bbox 829 4158 949 4208; x_wconf 89' lang='lat' dir='ltr'><strong>caruisse.</strong></span> 
     </span>
    </p>

    <p class='ocr_par' dir='ltr' id='par_1_6' title="bbox 127 4235 1460 4405">
     <span class='ocr_line' id='line_1_38' title="bbox 185 4235 1460 4314; baseline -0.002 -17"><span class='ocrx_word' id='word_1_385' title='bbox 185 4241 209 4307; x_wconf 80' lang='lat'><strong>⁸)</strong></span> <span class='ocrx_word' id='word_1_386' title='bbox 228 4246 405 4298; x_wconf 85' lang='lat' dir='ltr'><strong>Alexandrini</strong></span> <span class='ocrx_word' id='word_1_387' title='bbox 424 4249 473 4298; x_wconf 88' lang='lat' dir='ltr'><strong>etsi</strong></span> <span class='ocrx_word' id='word_1_388' title='bbox 492 4235 588 4312; x_wconf 68' lang='lat' dir='ltr'><strong>flactris</strong></span> <span class='ocrx_word' id='word_1_389' title='bbox 607 4248 704 4298; x_wconf 89' lang='lat' dir='ltr'><strong>unllam</strong></span> <span class='ocrx_word' id='word_1_390' title='bbox 722 4247 852 4300; x_wconf 85' lang='lat' dir='ltr'><strong>habebant</strong></span> <span class='ocrx_word' id='word_1_391' title='bbox 871 4257 931 4300; x_wconf 88' lang='lat' dir='ltr'><strong>aute</strong></span> <span class='ocrx_word' id='word_1_392' title='bbox 944 4249 1077 4312; x_wconf 86' lang='lat' dir='ltr'><strong>Severum,</strong></span> <span class='ocrx_word' id='word_1_393' title='bbox 1096 4263 1124 4298; x_wconf 89' lang='lat' dir='ltr'><strong>re</strong></span> <span class='ocrx_word' id='word_1_394' title='bbox 1142 4249 1246 4314; x_wconf 90' lang='lat' dir='ltr'><strong>publica</strong></span> <span class='ocrx_word' id='word_1_395' title='bbox 1259 4253 1395 4312; x_wconf 85' lang='lat' dir='ltr'><strong>propterea</strong></span> <span class='ocrx_word' id='word_1_396' title='bbox 1407 4261 1460 4296; x_wconf 90' lang='lat' dir='ltr'><strong>non</strong></span> 
     </span>
     <span class='ocr_line' id='line_1_39' title="bbox 127 4337 905 4405; baseline 0.005 -16"><span class='ocrx_word' id='word_1_397' title='bbox 127 4337 208 4401; x_wconf 73' lang='lat' dir='ltr'><strong>mgis</strong></span> <span class='ocrx_word' id='word_1_398' title='bbox 227 4338 350 4390; x_wconf 80' lang='lat' dir='ltr'><strong>carebam</strong></span> <span class='ocrx_word' id='word_1_399' title='bbox 368 4353 445 4405; x_wconf 87' lang='lat' dir='ltr'><strong>quam</strong></span> <span class='ocrx_word' id='word_1_400' title='bbox 463 4340 672 4392; x_wconf 82' lang='lat' dir='ltr'><strong>Mediolanenses</strong></span> <span class='ocrx_word' id='word_1_401' title='bbox 691 4347 717 4391; x_wconf 89' lang='lat' dir='ltr'><strong>et</strong></span> <span class='ocrx_word' id='word_1_402' title='bbox 734 4340 905 4393; x_wconf 75' lang='lat' dir='ltr'><strong>Ravennmes.</strong></span> 
     </span>
    </p>

    <p class='ocr_par' dir='ltr' id='par_1_7' title="bbox 126 4419 1459 4868">
     <span class='ocr_line' id='line_1_40' title="bbox 184 4419 1459 4505; baseline -0.003 -22"><span class='ocrx_word' id='word_1_403' title='bbox 184 4427 209 4492; x_wconf 81' lang='lat'><strong>⁴)</strong></span> <span class='ocrx_word' id='word_1_404' title='bbox 227 4429 323 4483; x_wconf 64' lang='lat' dir='ltr'><strong>&amp;babo</strong></span> <span class='ocrx_word' id='word_1_405' title='bbox 344 4433 387 4494; x_wconf 79' lang='lat'><strong>17,</strong></span> <span class='ocrx_word' id='word_1_406' title='bbox 403 4435 428 4494; x_wconf 92' lang='lat'><strong>1,</strong></span> <span class='ocrx_word' id='word_1_407' title='bbox 442 4434 477 4484; x_wconf 83' lang='lat'><strong>42</strong></span> <span class='ocrx_word' id='word_1_408' title='bbox 497 4449 523 4499; x_wconf 94' lang='lat' dir='ltr'><strong>p.</strong></span> <span class='ocrx_word' id='word_1_409' title='bbox 538 4434 608 4485; x_wconf 78' lang='lat' dir='ltr'><strong>sis:</strong></span> <span class='ocrx_word' id='word_1_410' title='bbox 628 4422 792 4502; x_wconf 73' lang='grc' dir='ltr'><strong>Πτολεμαικν)</strong></span> <span class='ocrx_word' id='word_1_411' title='bbox 810 4420 887 4491; x_wconf 68' lang='lat' dir='ltr'><strong>xiim</strong></span> <span class='ocrx_word' id='word_1_412' title='bbox 905 4467 912 4482; x_wconf 97' lang='lat'><strong>.</strong></span> <span class='ocrx_word' id='word_1_413' title='bbox 927 4467 934 4482; x_wconf 97' lang='lat'><strong>.</strong></span> <span class='ocrx_word' id='word_1_414' title='bbox 950 4467 957 4482; x_wconf 97' lang='lat'><strong>.</strong></span> <span class='ocrx_word' id='word_1_415' title='bbox 973 4428 1075 4505; x_wconf 69' lang='grc' dir='ltr'><strong>ἔχουσα</strong></span> <span class='ocrx_word' id='word_1_416' title='bbox 1092 4429 1133 4483; x_wconf 79' lang='lat' dir='ltr'><strong>irai</strong></span> <span class='ocrx_word' id='word_1_417' title='bbox 1152 4421 1269 4500; x_wconf 76' lang='lat' dir='ltr'><strong>riarqpa</strong></span> <span class='ocrx_word' id='word_1_418' title='bbox 1285 4419 1415 4482; x_wconf 70' lang='lat' dir='ltr'><strong>unitatatis</strong></span> <span class='ocrx_word' id='word_1_419' title='bbox 1435 4427 1459 4479; x_wconf 80' lang='lat' dir='ltr'><strong>ir</strong></span> 
     </span>
     <span class='ocr_line' id='line_1_41' title="bbox 126 4511 1458 4592; baseline 0.005 -24"><span class='ocrx_word' id='word_1_420' title='bbox 126 4517 160 4584; x_wconf 66' lang='grc' dir='ltr'><strong>τῷ</strong></span> <span class='ocrx_word' id='word_1_421' title='bbox 176 4511 318 4586; x_wconf 66' lang='grc' dir='ltr'><strong>Ἑλληνικῷ</strong></span> <span class='ocrx_word' id='word_1_422' title='bbox 334 4519 426 4592; x_wconf 73' lang='lat' dir='ltr'><strong>rpa&#39;aq.</strong></span> <span class='ocrx_word' id='word_1_423' title='bbox 465 4526 619 4592; x_wconf 84' lang='lat' dir='ltr'><strong>Marquardt</strong></span> <span class='ocrx_word' id='word_1_424' title='bbox 636 4523 882 4592; x_wconf 80' lang='lat' dir='ltr'><strong>Staatsnerraaltnnq</strong></span> <span class='ocrx_word' id='word_1_425' title='bbox 903 4529 916 4576; x_wconf 94' lang='lat'>1</span> <span class='ocrx_word' id='word_1_426' title='bbox 938 4542 963 4591; x_wconf 91' lang='lat' dir='ltr'><strong>p.</strong></span> <span class='ocrx_word' id='word_1_427' title='bbox 977 4527 1041 4577; x_wconf 81' lang='lat'><strong>451.</strong></span> <span class='ocrx_word' id='word_1_428' title='bbox 1084 4526 1233 4577; x_wconf 87' lang='lat' dir='ltr'><strong>Lateranlus</strong></span> <span class='ocrx_word' id='word_1_429' title='bbox 1252 4526 1363 4575; x_wconf 89' lang='lat' dir='ltr'><strong>militum</strong></span> <span class='ocrx_word' id='word_1_430' title='bbox 1381 4525 1458 4575; x_wconf 88' lang='lat' dir='ltr'><strong>Lam·</strong></span> 
     </span>
     <span class='ocr_line' id='line_1_42' title="bbox 128 4613 1458 4685; baseline 0.001 -20"><span class='ocrx_word' id='word_1_431' title='bbox 128 4613 272 4667; x_wconf 70' lang='lat' dir='ltr'><strong>mutuum</strong></span> <span class='ocrx_word' id='word_1_432' title='bbox 290 4617 346 4666; x_wconf 84' lang='lat' dir='ltr'><strong>aine</strong></span> <span class='ocrx_word' id='word_1_433' title='bbox 365 4617 444 4668; x_wconf 89' lang='lat' dir='ltr'><strong>dnbio</strong></span> <span class='ocrx_word' id='word_1_434' title='bbox 463 4617 573 4684; x_wconf 81' lang='lat' dir='ltr'><strong>legionis</strong></span> <span class='ocrx_word' id='word_1_435' title='bbox 591 4619 634 4670; x_wconf 89' lang='lat'><strong>111</strong></span> <span class='ocrx_word' id='word_1_436' title='bbox 648 4619 792 4685; x_wconf 84' lang='lat' dir='ltr'><strong>Augustae,</strong></span> <span class='ocrx_word' id='word_1_437' title='bbox 814 4619 897 4670; x_wconf 86' lang='lat' dir='ltr'><strong>editus</strong></span> <span class='ocrx_word' id='word_1_438' title='bbox 915 4635 998 4684; x_wconf 88' lang='lat' dir='ltr'><strong>nuper</strong></span> <span class='ocrx_word' id='word_1_439' title='bbox 1016 4621 1044 4670; x_wconf 89' lang='lat' dir='ltr'><strong>in</strong></span> <span class='ocrx_word' id='word_1_440' title='bbox 1062 4619 1114 4668; x_wconf 85' lang='lat' dir='ltr'><strong>voi.</strong></span> <span class='ocrx_word' id='word_1_441' title='bbox 1127 4619 1210 4669; x_wconf 87' lang='lat' dir='ltr'>XXII</span> <span class='ocrx_word' id='word_1_442' title='bbox 1229 4617 1322 4680; x_wconf 81' lang='lat'>(1882)</span> <span class='ocrx_word' id='word_1_443' title='bbox 1342 4623 1458 4668; x_wconf 86' lang='lat' dir='ltr'><strong>actorum</strong></span> 
     </span>
     <span class='ocr_line' id='line_1_43' title="bbox 127 4707 1457 4778; baseline 0.001 -21"><span class='ocrx_word' id='word_1_444' title='bbox 127 4707 253 4758; x_wconf 72' lang='lat' dir='ltr'><strong>maenas</strong></span> <span class='ocrx_word' id='word_1_445' title='bbox 272 4708 504 4761; x_wconf 82' lang='lat' dir='ltr'><strong>constantinianae</strong></span> <span class='ocrx_word' id='word_1_446' title='bbox 524 4727 550 4778; x_wconf 93' lang='lat' dir='ltr'><strong>p.</strong></span> <span class='ocrx_word' id='word_1_447' title='bbox 565 4713 632 4774; x_wconf 80' lang='lat' dir='ltr'><strong>sis,</strong></span> <span class='ocrx_word' id='word_1_448' title='bbox 658 4726 734 4778; x_wconf 90' lang='lat' dir='ltr'><strong>quem</strong></span> <span class='ocrx_word' id='word_1_449' title='bbox 759 4712 820 4762; x_wconf 86' lang='lat' dir='ltr'><strong>item</strong></span> <span class='ocrx_word' id='word_1_450' title='bbox 845 4713 980 4777; x_wconf 84' lang='lat' dir='ltr'><strong>descripsit</strong></span> <span class='ocrx_word' id='word_1_451' title='bbox 1004 4721 1030 4762; x_wconf 91' lang='lat' dir='ltr'><strong>et</strong></span> <span class='ocrx_word' id='word_1_452' title='bbox 1053 4725 1153 4762; x_wconf 87' lang='lat' dir='ltr'><strong>mecum</strong></span> <span class='ocrx_word' id='word_1_453' title='bbox 1177 4710 1377 4762; x_wconf 86' lang='lat' dir='ltr'><strong>communicarit</strong></span> <span class='ocrx_word' id='word_1_454' title='bbox 1399 4709 1457 4759; x_wconf 90' lang='lat' dir='ltr'><strong>Iob.</strong></span> 
     </span>
     <span class='ocr_line' id='line_1_44' title="bbox 127 4797 1249 4868; baseline 0.004 -20"><span class='ocrx_word' id='word_1_455' title='bbox 127 4797 252 4864; x_wconf 81' lang='lat' dir='ltr'><strong>Schmidt,</strong></span> <span class='ocrx_word' id='word_1_456' title='bbox 272 4802 417 4868; x_wconf 88' lang='lat' dir='ltr'><strong>complures</strong></span> <span class='ocrx_word' id='word_1_457' title='bbox 435 4803 530 4854; x_wconf 90' lang='lat' dir='ltr'><strong>milites</strong></span> <span class='ocrx_word' id='word_1_458' title='bbox 548 4811 664 4856; x_wconf 88' lang='lat' dir='ltr'><strong>recenset</strong></span> <span class='ocrx_word' id='word_1_459' title='bbox 682 4805 815 4868; x_wconf 73' lang='lat' dir='ltr'><strong>amandos,</strong></span> <span class='ocrx_word' id='word_1_460' title='bbox 836 4811 865 4854; x_wconf 88' lang='lat' dir='ltr'><strong>ut</strong></span> <span class='ocrx_word' id='word_1_461' title='bbox 882 4805 919 4854; x_wconf 91' lang='lat' dir='ltr'><strong>ibi</strong></span> <span class='ocrx_word' id='word_1_462' title='bbox 938 4803 1066 4866; x_wconf 77' lang='lat' dir='ltr'><strong>scribitur,</strong></span> <span class='ocrx_word' id='word_1_463' title='bbox 1091 4801 1249 4854; x_wconf 82' lang='lat' dir='ltr'><strong>Talomaida.</strong></span> 
     </span>
    </p>

    <p class='ocr_par' dir='ltr' id='par_1_8' title="bbox 128 4883 1458 5241">
     <span class='ocr_line' id='line_1_45' title="bbox 185 4883 1457 4966; baseline -0.003 -20"><span class='ocrx_word' id='word_1_464' title='bbox 185 4891 209 4954; x_wconf 61' lang='grc' dir='ltr'><strong>ὅ)</strong></span> <span class='ocrx_word' id='word_1_465' title='bbox 227 4893 323 4946; x_wconf 75' lang='lat' dir='ltr'><strong>Strabo</strong></span> <span class='ocrx_word' id='word_1_466' title='bbox 342 4895 595 4962; x_wconf 80' lang='lat' dir='ltr'><strong>1⁷,1‚14p.3st.</strong></span> <span class='ocrx_word' id='word_1_467' title='bbox 627 4883 795 4964; x_wconf 73' lang='grc' dir='ltr'><strong><em>Παραιτᾶνιον</em></strong></span> <span class='ocrx_word' id='word_1_468' title='bbox 816 4883 960 4953; x_wconf 67' lang='grc' dir='ltr'><strong>...πόλις</strong></span> <span class='ocrx_word' id='word_1_469' title='bbox 979 4891 1003 4943; x_wconf 74' lang='grc' dir='ltr'><strong>δ’</strong></span> <span class='ocrx_word' id='word_1_470' title='bbox 1026 4893 1081 4944; x_wconf 82' lang='grc' dir='ltr'>1στ1</span> <span class='ocrx_word' id='word_1_471' title='bbox 1098 4888 1140 4945; x_wconf 81' lang='grc' dir='ltr'><strong>καὶ</strong></span> <span class='ocrx_word' id='word_1_472' title='bbox 1158 4883 1244 4966; x_wconf 66' lang='grc' dir='ltr'><strong>λιμήν.</strong></span> <span class='ocrx_word' id='word_1_473' title='bbox 1283 4895 1314 4945; x_wconf 90' lang='lat' dir='ltr'><strong>In</strong></span> <span class='ocrx_word' id='word_1_474' title='bbox 1333 4895 1457 4944; x_wconf 86' lang='lat' dir='ltr'><strong>lateranio</strong></span> 
     </span>
     <span class='ocr_line' id='line_1_46' title="bbox 128 4983 1458 5050; baseline -0.002 -14"><span class='ocrx_word' id='word_1_475' title='bbox 128 4983 324 5038; x_wconf 68' lang='lat' dir='ltr'><strong>umbratura</strong></span> <span class='ocrx_word' id='word_1_476' title='bbox 346 4989 425 5039; x_wconf 87' lang='lat' dir='ltr'><strong>modo</strong></span> <span class='ocrx_word' id='word_1_477' title='bbox 450 4989 527 5040; x_wconf 89' lang='lat' dir='ltr'><strong>citato</strong></span> <span class='ocrx_word' id='word_1_478' title='bbox 551 4991 613 5040; x_wconf 86' lang='lat' dir='ltr'><strong>item</strong></span> <span class='ocrx_word' id='word_1_479' title='bbox 638 4991 713 5041; x_wconf 90' lang='lat' dir='ltr'><strong>miles</strong></span> <span class='ocrx_word' id='word_1_480' title='bbox 737 4990 867 5041; x_wconf 80' lang='lat' dir='ltr'><strong>invenitur</strong></span> <span class='ocrx_word' id='word_1_481' title='bbox 892 4989 963 5039; x_wconf 92' lang='lat' dir='ltr'><strong>domi</strong></span> <span class='ocrx_word' id='word_1_482' title='bbox 988 4985 1173 5050; x_wconf 61' lang='lat' dir='ltr'><strong>Parsimonia).</strong></span> <span class='ocrx_word' id='word_1_483' title='bbox 1217 4987 1396 5038; x_wconf 85' lang='lat' dir='ltr'><strong>Coniersndus</strong></span> <span class='ocrx_word' id='word_1_484' title='bbox 1420 4995 1458 5042; x_wconf 78' lang='lat' dir='ltr'><strong>est</strong></span> 
     </span>
     <span class='ocr_line' id='line_1_47' title="bbox 130 5077 1456 5146; baseline 0.002 -20"><span class='ocrx_word' id='word_1_485' title='bbox 130 5077 215 5128; x_wconf 84' lang='lat' dir='ltr'><strong>titulus</strong></span> <span class='ocrx_word' id='word_1_486' title='bbox 239 5089 282 5130; x_wconf 83' lang='lat' dir='ltr'><strong>aut</strong></span> <span class='ocrx_word' id='word_1_487' title='bbox 300 5079 463 5132; x_wconf 84' lang='lat' dir='ltr'><strong>Dalmaticus</strong></span> <span class='ocrx_word' id='word_1_488' title='bbox 487 5091 532 5134; x_wconf 87' lang='lat' dir='ltr'><strong>aut</strong></span> <span class='ocrx_word' id='word_1_489' title='bbox 554 5083 667 5134; x_wconf 87' lang='lat' dir='ltr'><strong>urbanus</strong></span> <span class='ocrx_word' id='word_1_490' title='bbox 686 5082 736 5133; x_wconf 83' lang='lat' dir='ltr'><strong>rol.</strong></span> <span class='ocrx_word' id='word_1_491' title='bbox 750 5081 794 5133; x_wconf 92' lang='lat'><strong>111</strong></span> <span class='ocrx_word' id='word_1_492' title='bbox 813 5098 839 5132; x_wconf 94' lang='lat' dir='ltr'><strong>u.</strong></span> <span class='ocrx_word' id='word_1_493' title='bbox 854 5080 939 5132; x_wconf 79' lang='lat'><strong>3165:</strong></span> <span class='ocrx_word' id='word_1_494' title='bbox 973 5079 1003 5132; x_wconf 86' lang='grc' dir='ltr'><strong>Τ.</strong></span> <span class='ocrx_word' id='word_1_495' title='bbox 1027 5079 1121 5131; x_wconf 82' lang='lat' dir='ltr'><strong>Titinia</strong></span> <span class='ocrx_word' id='word_1_496' title='bbox 1145 5078 1247 5130; x_wconf 81' lang='lat' dir='ltr'><strong>Iuliano</strong></span> <span class='ocrx_word' id='word_1_497' title='bbox 1272 5077 1456 5146; x_wconf 71' lang='lat' dir='ltr'><strong>9yl(ernatorr)</strong></span> 
     </span>
     <span class='ocr_line' id='line_1_48' title="bbox 132 5163 666 5241; baseline 0.021 -26"><span class='ocrx_word' id='word_1_498' title='bbox 132 5163 194 5218; x_wconf 90' lang='grc'>1111</span> <span class='ocrx_word' id='word_1_499' title='bbox 210 5167 343 5237; x_wconf 80' lang='lat' dir='ltr'><strong>Fart(ana)</strong></span> <span class='ocrx_word' id='word_1_500' title='bbox 361 5173 484 5241; x_wconf 72' lang='lat' dir='ltr'><strong>sartione)</strong></span> <span class='ocrx_word' id='word_1_501' title='bbox 502 5175 666 5227; x_wconf 80' lang='lat' dir='ltr'><strong>Paraetonio.</strong></span> 
     </span>
    </p>
   </div>
   <div class='ocr_carea' id='block_1_4' title="bbox 0 0 1818 5954">
    <p class='ocr_par' dir='ltr' id='par_1_9' title="bbox 0 0 1818 5954">
     <span class='ocr_line' id='line_1_49' title="bbox 0 0 1818 5954; baseline 0 5"><span class='ocrx_word' id='word_1_502' title='bbox 0 0 1818 5954; x_wconf 95' lang='lat' dir='ltr'><strong> </strong></span> 
     </span>
    </p>
   </div>
  </div>
 </body>
</html>
