<?xml version="1.0" encoding="UTF-8"?>
<!DOCTYPE html PUBLIC "-//W3C//DTD XHTML 1.0 Transitional//EN"
    "http://www.w3.org/TR/xhtml1/DTD/xhtml1-transitional.dtd">
<html xmlns="http://www.w3.org/1999/xhtml" xml:lang="en" lang="en">
 <head>
  <title>
</title>
<meta http-equiv="Content-Type" content="text/html;charset=utf-8" />
  <meta name='ocr-system' content='tesseract 3.04.00' />
  <meta name='ocr-capabilities' content='ocr_page ocr_carea ocr_par ocr_line ocrx_word'/>
</head>
<body>
  <div class='ocr_page' id='page_1' title='image "./ephemerisepigra16instgoog_0649.png"; bbox 0 0 3524 5932; ppageno 0'>
   <div class='ocr_carea' id='block_1_1' title="bbox 391 539 1147 615">
    <p class='ocr_par' dir='ltr' id='par_1_1' title="bbox 391 539 1147 615">
     <span class='ocr_line' id='line_1_1' title="bbox 391 539 1147 615; baseline 0.005 -5"><span class='ocrx_word' id='word_1_1' title='bbox 391 539 465 610; x_wconf 87' lang='grc'>634</span> <span class='ocrx_word' id='word_1_2' title='bbox 965 562 1147 615; x_wconf 76' lang='grc'>1161666611</span> 
     </span>
    </p>
   </div>
   <div class='ocr_carea' id='block_1_2' title="bbox 364 733 1760 4299">
    <p class='ocr_par' dir='ltr' id='par_1_2' title="bbox 385 733 1715 1218">
     <span class='ocr_line' id='line_1_2' title="bbox 431 733 1715 814; baseline 0 -20"><span class='ocrx_word' id='word_1_3' title='bbox 431 733 617 794; x_wconf 84' lang='lat' dir='ltr'>Salutatores</span> <span class='ocrx_word' id='word_1_4' title='bbox 641 735 837 793; x_wconf 89' lang='lat' dir='ltr'>admittuntur</span> <span class='ocrx_word' id='word_1_5' title='bbox 859 755 912 811; x_wconf 90' lang='lat' dir='ltr'>per</span> <span class='ocrx_word' id='word_1_6' title='bbox 935 736 1061 812; x_wconf 89' lang='lat' dir='ltr'>gradus,</span> <span class='ocrx_word' id='word_1_7' title='bbox 1089 756 1216 812; x_wconf 90' lang='lat' dir='ltr'>quorum</span> <span class='ocrx_word' id='word_1_8' title='bbox 1241 748 1303 798; x_wconf 87' lang='lat' dir='ltr'>tres</span> <span class='ocrx_word' id='word_1_9' title='bbox 1328 747 1408 797; x_wconf 89' lang='lat' dir='ltr'>certo</span> <span class='ocrx_word' id='word_1_10' title='bbox 1431 746 1661 814; x_wconf 84' lang='lat' dir='ltr'>cognoscuntur,</span> <span class='ocrx_word' id='word_1_11' title='bbox 1685 739 1715 795; x_wconf 89' lang='lat' dir='ltr'>de</span> 
     </span>
     <span class='ocr_line' id='line_1_3' title="bbox 386 838 1713 919; baseline 0.002 -25"><span class='ocrx_word' id='word_1_12' title='bbox 386 847 492 913; x_wconf 90' lang='lat' dir='ltr'>quarto</span> <span class='ocrx_word' id='word_1_13' title='bbox 519 847 549 895; x_wconf 88' lang='lat' dir='ltr'>et</span> <span class='ocrx_word' id='word_1_14' title='bbox 577 839 681 913; x_wconf 90' lang='lat' dir='ltr'>quinto</span> <span class='ocrx_word' id='word_1_15' title='bbox 711 838 809 896; x_wconf 89' lang='lat' dir='ltr'>minus</span> <span class='ocrx_word' id='word_1_16' title='bbox 837 845 964 908; x_wconf 88' lang='lat' dir='ltr'>constat,</span> <span class='ocrx_word' id='word_1_17' title='bbox 989 839 1127 897; x_wconf 82' lang='lat' dir='ltr'>videntur</span> <span class='ocrx_word' id='word_1_18' title='bbox 1149 848 1248 899; x_wconf 90' lang='lat' dir='ltr'>tamen</span> <span class='ocrx_word' id='word_1_19' title='bbox 1269 841 1402 916; x_wconf 90' lang='lat' dir='ltr'>quinque</span> <span class='ocrx_word' id='word_1_20' title='bbox 1423 840 1536 919; x_wconf 75' lang='lat' dir='ltr'>gradtm</span> <span class='ocrx_word' id='word_1_21' title='bbox 1558 839 1629 898; x_wconf 81' lang='lat' dir='ltr'>lacti</span> <span class='ocrx_word' id='word_1_22' title='bbox 1648 858 1713 898; x_wconf 88' lang='lat' dir='ltr'>esse.</span> 
     </span>
     <span class='ocr_line' id='line_1_4' title="bbox 385 939 1714 1019; baseline 0.003 -23"><span class='ocrx_word' id='word_1_23' title='bbox 385 939 513 1015; x_wconf 83' lang='lat' dir='ltr'>Aliquot</span> <span class='ocrx_word' id='word_1_24' title='bbox 528 939 639 1016; x_wconf 87' lang='lat' dir='ltr'>gradus</span> <span class='ocrx_word' id='word_1_25' title='bbox 654 941 791 1000; x_wconf 90' lang='lat' dir='ltr'>homines</span> <span class='ocrx_word' id='word_1_26' title='bbox 809 941 961 998; x_wconf 79' lang='lat' dir='ltr'>continent</span> <span class='ocrx_word' id='word_1_27' title='bbox 976 941 1112 1000; x_wconf 78' lang='lat' dir='ltr'>diuersae</span> <span class='ocrx_word' id='word_1_28' title='bbox 1129 942 1288 1002; x_wconf 84' lang='lat' dir='ltr'><strong>admodum</strong></span> <span class='ocrx_word' id='word_1_29' title='bbox 1307 942 1460 1019; x_wconf 78' lang='lat' dir='ltr'>dignitatis</span> <span class='ocrx_word' id='word_1_30' title='bbox 1475 943 1518 1001; x_wconf 86' lang='lat' dir='ltr'>ita</span> <span class='ocrx_word' id='word_1_31' title='bbox 1534 952 1714 1017; x_wconf 73' lang='lat' dir='ltr'>exaequatos,</span> 
     </span>
     <span class='ocr_line' id='line_1_5' title="bbox 385 1041 1713 1122; baseline 0.003 -25"><span class='ocrx_word' id='word_1_32' title='bbox 385 1051 417 1098; x_wconf 92' lang='lat' dir='ltr'>ut</span> <span class='ocrx_word' id='word_1_33' title='bbox 443 1041 495 1117; x_wconf 91' lang='lat' dir='ltr'>qui</span> <span class='ocrx_word' id='word_1_34' title='bbox 522 1043 626 1100; x_wconf 89' lang='lat' dir='ltr'>eodem</span> <span class='ocrx_word' id='word_1_35' title='bbox 652 1042 748 1119; x_wconf 82' lang='lat' dir='ltr'>gradu</span> <span class='ocrx_word' id='word_1_36' title='bbox 775 1051 875 1102; x_wconf 86' lang='lat' dir='ltr'>essent</span> <span class='ocrx_word' id='word_1_37' title='bbox 904 1045 941 1102; x_wconf 88' lang='lat' dir='ltr'>ab</span> <span class='ocrx_word' id='word_1_38' title='bbox 968 1044 1091 1103; x_wconf 84' lang='lat' dir='ltr'>officiali</span> <span class='ocrx_word' id='word_1_39' title='bbox 1121 1045 1356 1104; x_wconf 88' lang='lat' dir='ltr'>admissionibus</span> <span class='ocrx_word' id='word_1_40' title='bbox 1384 1045 1559 1122; x_wconf 87' lang='lat' dir='ltr'>praeposito</span> <span class='ocrx_word' id='word_1_41' title='bbox 1582 1044 1664 1104; x_wconf 88' lang='lat' dir='ltr'>simul</span> <span class='ocrx_word' id='word_1_42' title='bbox 1683 1044 1713 1102; x_wconf 88' lang='lat' dir='ltr'>ad</span> 
     </span>
     <span class='ocr_line' id='line_1_6' title="bbox 386 1144 844 1218; baseline 0.004 -18"><span class='ocrx_word' id='word_1_43' title='bbox 386 1144 555 1218; x_wconf 82' lang='lat' dir='ltr'>praesidem</span> <span class='ocrx_word' id='word_1_44' title='bbox 579 1144 844 1204; x_wconf 86' lang='lat' dir='ltr'>introducerentur.</span> 
     </span>
    </p>

    <p class='ocr_par' dir='ltr' id='par_1_3' title="bbox 378 1246 1712 1731">
     <span class='ocr_line' id='line_1_7' title="bbox 427 1246 1712 1326; baseline 0.005 -25"><span class='ocrx_word' id='word_1_45' title='bbox 427 1246 461 1304; x_wconf 91' lang='lat' dir='ltr'>ln</span> <span class='ocrx_word' id='word_1_46' title='bbox 490 1247 586 1322; x_wconf 91' lang='lat' dir='ltr'>primo</span> <span class='ocrx_word' id='word_1_47' title='bbox 614 1247 708 1323; x_wconf 84' lang='lat' dir='ltr'>gradu</span> <span class='ocrx_word' id='word_1_48' title='bbox 734 1247 814 1323; x_wconf 92' lang='lat' dir='ltr'>quod</span> <span class='ocrx_word' id='word_1_49' title='bbox 841 1249 967 1324; x_wconf 92' lang='lat' dir='ltr'>primum</span> <span class='ocrx_word' id='word_1_50' title='bbox 995 1250 1095 1308; x_wconf 91' lang='lat' dir='ltr'>locum</span> <span class='ocrx_word' id='word_1_51' title='bbox 1124 1259 1277 1308; x_wconf 83' lang='lat' dir='ltr'>senatores</span> <span class='ocrx_word' id='word_1_52' title='bbox 1300 1258 1414 1320; x_wconf 89' lang='lat' dir='ltr'>tenent,</span> <span class='ocrx_word' id='word_1_53' title='bbox 1443 1249 1645 1326; x_wconf 80' lang='lat' dir='ltr'>explicatione</span> <span class='ocrx_word' id='word_1_54' title='bbox 1663 1268 1712 1308; x_wconf 89' lang='lat' dir='ltr'>non</span> 
     </span>
     <span class='ocr_line' id='line_1_8' title="bbox 383 1348 1711 1428; baseline 0.002 -23"><span class='ocrx_word' id='word_1_55' title='bbox 383 1348 513 1424; x_wconf 81' lang='lat' dir='ltr'>indiget3</span> <span class='ocrx_word' id='word_1_56' title='bbox 537 1349 616 1407; x_wconf 91' lang='lat' dir='ltr'>nude</span> <span class='ocrx_word' id='word_1_57' title='bbox 638 1349 668 1406; x_wconf 91' lang='lat' dir='ltr'>id</span> <span class='ocrx_word' id='word_1_58' title='bbox 690 1351 869 1408; x_wconf 88' lang='lat' dir='ltr'>vocabulum</span> <span class='ocrx_word' id='word_1_59' title='bbox 888 1352 968 1426; x_wconf 89' lang='lat' dir='ltr'>poni,</span> <span class='ocrx_word' id='word_1_60' title='bbox 986 1359 1018 1409; x_wconf 89' lang='lat' dir='ltr'>ut</span> <span class='ocrx_word' id='word_1_61' title='bbox 1034 1351 1322 1428; x_wconf 87' lang='lat' dir='ltr'>comprehendantur</span> <span class='ocrx_word' id='word_1_62' title='bbox 1337 1352 1499 1411; x_wconf 84' lang='lat' dir='ltr'>clarissimi</span> <span class='ocrx_word' id='word_1_63' title='bbox 1515 1370 1630 1425; x_wconf 87' lang='lat' dir='ltr'>omnes,</span> <span class='ocrx_word' id='word_1_64' title='bbox 1648 1352 1711 1427; x_wconf 83' lang='lat' dir='ltr'>legis</span> 
     </span>
     <span class='ocr_line' id='line_1_9' title="bbox 383 1452 1711 1530; baseline 0.004 -24"><span class='ocrx_word' id='word_1_65' title='bbox 383 1461 560 1526; x_wconf 83' lang='lat' dir='ltr'>argumento</span> <span class='ocrx_word' id='word_1_66' title='bbox 576 1460 676 1528; x_wconf 89' lang='lat' dir='ltr'>aptum</span> <span class='ocrx_word' id='word_1_67' title='bbox 694 1462 748 1522; x_wconf 89' lang='lat' dir='ltr'>est,</span> <span class='ocrx_word' id='word_1_68' title='bbox 765 1462 921 1530; x_wconf 88' lang='lat' dir='ltr'>potestque</span> <span class='ocrx_word' id='word_1_69' title='bbox 937 1455 1104 1529; x_wconf 89' lang='lat' dir='ltr'>comparari</span> <span class='ocrx_word' id='word_1_70' title='bbox 1120 1455 1295 1513; x_wconf 82' lang='lat' dir='ltr'>constitutio</span> <span class='ocrx_word' id='word_1_71' title='bbox 1314 1474 1340 1510; x_wconf 92' lang='lat' dir='ltr'>a.</span> <span class='ocrx_word' id='word_1_72' title='bbox 1357 1454 1418 1513; x_wconf 85' lang='grc'>364</span> <span class='ocrx_word' id='word_1_73' title='bbox 1437 1452 1488 1530; x_wconf 83' lang='grc' dir='ltr'>(Ο.</span> <span class='ocrx_word' id='word_1_74' title='bbox 1505 1453 1563 1512; x_wconf 84' lang='lat' dir='ltr'>Th.</span> <span class='ocrx_word' id='word_1_75' title='bbox 1581 1455 1610 1524; x_wconf 84' lang='lat'>9,</span> <span class='ocrx_word' id='word_1_76' title='bbox 1626 1454 1671 1526; x_wconf 88' lang='grc'>30,</span> <span class='ocrx_word' id='word_1_77' title='bbox 1688 1454 1711 1528; x_wconf 90' lang='grc'>1)</span> 
     </span>
     <span class='ocr_line' id='line_1_10' title="bbox 382 1553 1712 1633; baseline 0 -23"><span class='ocrx_word' id='word_1_78' title='bbox 382 1553 419 1610; x_wconf 87' lang='grc'>66</span> <span class='ocrx_word' id='word_1_79' title='bbox 441 1553 530 1612; x_wconf 88' lang='lat' dir='ltr'>simili</span> <span class='ocrx_word' id='word_1_80' title='bbox 558 1555 715 1632; x_wconf 85' lang='lat' dir='ltr'>privilegio</span> <span class='ocrx_word' id='word_1_81' title='bbox 745 1556 827 1614; x_wconf 89' lang='lat' dir='ltr'>data:</span> <span class='ocrx_word' id='word_1_82' title='bbox 856 1560 976 1633; x_wconf 74' lang='lat' dir='ltr'>exceptis</span> <span class='ocrx_word' id='word_1_83' title='bbox 1005 1557 1181 1615; x_wconf 76' lang='lat' dir='ltr'>senatoribus</span> <span class='ocrx_word' id='word_1_84' title='bbox 1204 1566 1290 1632; x_wconf 86' lang='lat' dir='ltr'>atque</span> <span class='ocrx_word' id='word_1_85' title='bbox 1312 1557 1467 1626; x_wconf 74' lang='lat' dir='ltr'>honoratis,</span> <span class='ocrx_word' id='word_1_86' title='bbox 1489 1559 1543 1616; x_wconf 80' lang='lat' dir='ltr'>aed</span> <span class='ocrx_word' id='word_1_87' title='bbox 1563 1565 1591 1615; x_wconf 86' lang='lat' dir='ltr'>et</span> <span class='ocrx_word' id='word_1_88' title='bbox 1609 1556 1651 1612; x_wconf 76' lang='lat' dir='ltr'>lia</span> <span class='ocrx_word' id='word_1_89' title='bbox 1671 1559 1712 1632; x_wconf 84' lang='lat' dir='ltr'>qui</span> 
     </span>
     <span class='ocr_line' id='line_1_11' title="bbox 378 1659 780 1731; baseline 0.012 -19"><span class='ocrx_word' id='word_1_90' title='bbox 378 1660 545 1731; x_wconf 77' lang='lat' dir='ltr'>provincias</span> <span class='ocrx_word' id='word_1_91' title='bbox 568 1659 780 1717; x_wconf 81' lang='lat' dir='ltr'>adrninietrant.</span> 
     </span>
    </p>

    <p class='ocr_par' dir='ltr' id='par_1_4' title="bbox 367 1757 1760 3667">
     <span class='ocr_line' id='line_1_12' title="bbox 423 1757 1709 1839; baseline 0.001 -22"><span class='ocrx_word' id='word_1_92' title='bbox 423 1757 482 1832; x_wconf 80' lang='lat' dir='ltr'>Qui</span> <span class='ocrx_word' id='word_1_93' title='bbox 506 1767 671 1834; x_wconf 87' lang='lat' dir='ltr'>sequuntur</span> <span class='ocrx_word' id='word_1_94' title='bbox 694 1764 816 1831; x_wconf 74' lang='lat' dir='ltr'>corniton,</span> <span class='ocrx_word' id='word_1_95' title='bbox 838 1760 1053 1838; x_wconf 88' lang='lat' dir='ltr'>intelleguntur</span> <span class='ocrx_word' id='word_1_96' title='bbox 1068 1763 1187 1820; x_wconf 91' lang='lat' dir='ltr'>omnino</span> <span class='ocrx_word' id='word_1_97' title='bbox 1203 1764 1380 1839; x_wconf 89' lang='lat' dir='ltr'>praesertim</span> <span class='ocrx_word' id='word_1_98' title='bbox 1396 1761 1454 1820; x_wconf 91' lang='lat' dir='ltr'>loci</span> <span class='ocrx_word' id='word_1_99' title='bbox 1470 1761 1631 1832; x_wconf 82' lang='lat' dir='ltr'>inferioris,</span> <span class='ocrx_word' id='word_1_100' title='bbox 1652 1779 1709 1818; x_wconf 84' lang='lat' dir='ltr'>cum</span> 
     </span>
     <span class='ocr_line' id='line_1_13' title="bbox 380 1861 1708 1941; baseline -0.002 -21"><span class='ocrx_word' id='word_1_101' title='bbox 380 1861 503 1920; x_wconf 89' lang='lat' dir='ltr'>comites</span> <span class='ocrx_word' id='word_1_102' title='bbox 527 1863 614 1938; x_wconf 90' lang='lat' dir='ltr'>primi</span> <span class='ocrx_word' id='word_1_103' title='bbox 639 1862 751 1920; x_wconf 87' lang='lat' dir='ltr'>ordinis</span> <span class='ocrx_word' id='word_1_104' title='bbox 774 1863 960 1921; x_wconf 88' lang='lat' dir='ltr'>senatoribus</span> <span class='ocrx_word' id='word_1_105' title='bbox 981 1865 1280 1941; x_wconf 88' lang='lat' dir='ltr'>comprehendantur.</span> <span class='ocrx_word' id='word_1_106' title='bbox 1315 1862 1466 1924; x_wconf 82' lang='lat' dir='ltr'>Comitiva</span> <span class='ocrx_word' id='word_1_107' title='bbox 1485 1873 1585 1923; x_wconf 89' lang='lat' dir='ltr'>autem</span> <span class='ocrx_word' id='word_1_108' title='bbox 1601 1863 1708 1922; x_wconf 87' lang='lat' dir='ltr'>secundi</span> 
     </span>
     <span class='ocr_line' id='line_1_14' title="bbox 379 1964 1708 2044; baseline 0.001 -23"><span class='ocrx_word' id='word_1_109' title='bbox 379 1964 517 2039; x_wconf 89' lang='lat' dir='ltr'>tertiique</span> <span class='ocrx_word' id='word_1_110' title='bbox 544 1965 658 2022; x_wconf 89' lang='lat' dir='ltr'>ordinis</span> <span class='ocrx_word' id='word_1_111' title='bbox 690 1966 726 2022; x_wconf 88' lang='lat' dir='ltr'>ad</span> <span class='ocrx_word' id='word_1_112' title='bbox 757 1983 903 2041; x_wconf 90' lang='lat' dir='ltr'>quasnam</span> <span class='ocrx_word' id='word_1_113' title='bbox 932 1967 1208 2027; x_wconf 87' lang='lat' dir='ltr'>administrationes</span> <span class='ocrx_word' id='word_1_114' title='bbox 1236 1967 1301 2026; x_wconf 89' lang='lat' dir='ltr'>iure</span> <span class='ocrx_word' id='word_1_115' title='bbox 1327 1967 1504 2044; x_wconf 87' lang='lat' dir='ltr'>pertinuerit</span> <span class='ocrx_word' id='word_1_116' title='bbox 1535 1968 1562 2024; x_wconf 88' lang='lat' dir='ltr'>si</span> <span class='ocrx_word' id='word_1_117' title='bbox 1591 1965 1708 2042; x_wconf 84' lang='lat' dir='ltr'>quaeris,</span> 
     </span>
     <span class='ocr_line' id='line_1_15' title="bbox 377 2067 1707 2145; baseline 0.001 -22"><span class='ocrx_word' id='word_1_118' title='bbox 377 2068 623 2143; x_wconf 88' lang='lat' dir='ltr'>respondebimus</span> <span class='ocrx_word' id='word_1_119' title='bbox 647 2068 811 2126; x_wconf 89' lang='lat' dir='ltr'>secundum</span> <span class='ocrx_word' id='word_1_120' title='bbox 834 2069 1075 2128; x_wconf 90' lang='lat' dir='ltr'>constitutionem</span> <span class='ocrx_word' id='word_1_121' title='bbox 1099 2088 1124 2126; x_wconf 87' lang='lat' dir='ltr'>a.</span> <span class='ocrx_word' id='word_1_122' title='bbox 1143 2070 1202 2129; x_wconf 87' lang='grc'>397</span> <span class='ocrx_word' id='word_1_123' title='bbox 1227 2067 1276 2145; x_wconf 85' lang='lat'>(0.</span> <span class='ocrx_word' id='word_1_124' title='bbox 1293 2069 1351 2127; x_wconf 89' lang='lat' dir='ltr'>Th.</span> <span class='ocrx_word' id='word_1_125' title='bbox 1369 2068 1396 2140; x_wconf 90' lang='grc'>6,</span> <span class='ocrx_word' id='word_1_126' title='bbox 1417 2071 1464 2140; x_wconf 90' lang='grc'>14,</span> <span class='ocrx_word' id='word_1_127' title='bbox 1481 2068 1514 2144; x_wconf 91' lang='grc'>2)</span> <span class='ocrx_word' id='word_1_128' title='bbox 1538 2068 1617 2127; x_wconf 90' lang='lat' dir='ltr'>inter</span> <span class='ocrx_word' id='word_1_129' title='bbox 1629 2069 1707 2126; x_wconf 90' lang='lat' dir='ltr'>comi·</span> 
     </span>
     <span class='ocr_line' id='line_1_16' title="bbox 376 2170 1706 2247; baseline 0.001 -20"><span class='ocrx_word' id='word_1_130' title='bbox 376 2179 421 2228; x_wconf 91' lang='lat' dir='ltr'>tes</span> <span class='ocrx_word' id='word_1_131' title='bbox 444 2170 487 2227; x_wconf 89' lang='lat' dir='ltr'>rei</span> <span class='ocrx_word' id='word_1_132' title='bbox 510 2171 649 2228; x_wconf 88' lang='lat' dir='ltr'>militaris</span> <span class='ocrx_word' id='word_1_133' title='bbox 671 2171 768 2229; x_wconf 81' lang='lat' dir='ltr'>luisse</span> <span class='ocrx_word' id='word_1_134' title='bbox 789 2171 886 2247; x_wconf 92' lang='lat' dir='ltr'>primo</span> <span class='ocrx_word' id='word_1_135' title='bbox 908 2171 1012 2230; x_wconf 90' lang='lat' dir='ltr'>ordine</span> <span class='ocrx_word' id='word_1_136' title='bbox 1035 2171 1207 2244; x_wconf 82' lang='lat' dir='ltr'>interiores,</span> <span class='ocrx_word' id='word_1_137' title='bbox 1235 2171 1287 2247; x_wconf 89' lang='lat' dir='ltr'>qui</span> <span class='ocrx_word' id='word_1_138' title='bbox 1309 2179 1380 2229; x_wconf 90' lang='lat' dir='ltr'>sunt</span> <span class='ocrx_word' id='word_1_139' title='bbox 1401 2171 1465 2230; x_wconf 90' lang='lat' dir='ltr'>sine</span> <span class='ocrx_word' id='word_1_140' title='bbox 1487 2170 1581 2229; x_wconf 90' lang='lat' dir='ltr'>dubio</span> <span class='ocrx_word' id='word_1_141' title='bbox 1608 2175 1706 2228; x_wconf 78' lang='lat' dir='ltr'>comiter</span> 
     </span>
     <span class='ocr_line' id='line_1_17' title="bbox 375 2271 1705 2350; baseline 0.002 -21"><span class='ocrx_word' id='word_1_142' title='bbox 375 2276 497 2330; x_wconf 82' lang='lat' dir='ltr'>minores</span> <span class='ocrx_word' id='word_1_143' title='bbox 522 2271 569 2347; x_wconf 83' lang='lat' dir='ltr'>(O.</span> <span class='ocrx_word' id='word_1_144' title='bbox 587 2273 644 2331; x_wconf 92' lang='lat' dir='ltr'>Th.</span> <span class='ocrx_word' id='word_1_145' title='bbox 662 2273 690 2344; x_wconf 92' lang='grc'>7,</span> <span class='ocrx_word' id='word_1_146' title='bbox 710 2274 757 2343; x_wconf 92' lang='grc'>11,</span> <span class='ocrx_word' id='word_1_147' title='bbox 776 2275 789 2331; x_wconf 96' lang='grc'>1</span> <span class='ocrx_word' id='word_1_148' title='bbox 814 2294 840 2331; x_wconf 87' lang='lat' dir='ltr'>a.</span> <span class='ocrx_word' id='word_1_149' title='bbox 855 2273 929 2350; x_wconf 89' lang='grc'>406)</span> <span class='ocrx_word' id='word_1_150' title='bbox 954 2275 1017 2332; x_wconf 89' lang='lat' dir='ltr'>sive</span> <span class='ocrx_word' id='word_1_151' title='bbox 1040 2277 1189 2350; x_wconf 81' lang='lat' dir='ltr'>inser-iores</span> <span class='ocrx_word' id='word_1_152' title='bbox 1211 2272 1261 2348; x_wconf 80' lang='grc' dir='ltr'>(Ο.</span> <span class='ocrx_word' id='word_1_153' title='bbox 1278 2274 1336 2332; x_wconf 86' lang='lat' dir='ltr'>Th.</span> <span class='ocrx_word' id='word_1_154' title='bbox 1353 2274 1383 2346; x_wconf 96' lang='grc'>7,</span> <span class='ocrx_word' id='word_1_155' title='bbox 1402 2274 1450 2344; x_wconf 91' lang='grc'>11,</span> <span class='ocrx_word' id='word_1_156' title='bbox 1467 2271 1485 2330; x_wconf 92' lang='grc'>2</span> <span class='ocrx_word' id='word_1_157' title='bbox 1508 2292 1536 2332; x_wconf 85' lang='grc'>6.</span> <span class='ocrx_word' id='word_1_158' title='bbox 1549 2274 1625 2349; x_wconf 85' lang='grc'>417)</span> <span class='ocrx_word' id='word_1_159' title='bbox 1649 2293 1705 2332; x_wconf 86' lang='lat' dir='ltr'>cum</span> 
     </span>
     <span class='ocr_line' id='line_1_18' title="bbox 377 2365 1705 2451; baseline 0.002 -19"><span class='ocrx_word' id='word_1_160' title='bbox 377 2375 502 2434; x_wconf 89' lang='lat' dir='ltr'>tribunis</span> <span class='ocrx_word' id='word_1_161' title='bbox 526 2375 612 2434; x_wconf 90' lang='lat' dir='ltr'>simul</span> <span class='ocrx_word' id='word_1_162' title='bbox 634 2370 828 2451; x_wconf 89' lang='lat' dir='ltr'>nominati¹).</span> <span class='ocrx_word' id='word_1_163' title='bbox 866 2376 1027 2435; x_wconf 88' lang='lat' dir='ltr'>Praeterea</span> <span class='ocrx_word' id='word_1_164' title='bbox 1049 2377 1194 2434; x_wconf 81' lang='lat' dir='ltr'>comitibus</span> <span class='ocrx_word' id='word_1_165' title='bbox 1216 2377 1335 2436; x_wconf 82' lang='lat' dir='ltr'>secandi</span> <span class='ocrx_word' id='word_1_166' title='bbox 1350 2377 1458 2434; x_wconf 76' lang='lat' dir='ltr'>ordinis</span> <span class='ocrx_word' id='word_1_167' title='bbox 1474 2375 1520 2433; x_wconf 83' lang='lat' dir='ltr'>cel</span> <span class='ocrx_word' id='word_1_168' title='bbox 1533 2365 1705 2435; x_wconf 70' lang='lat' dir='ltr'>cubicnlamit</span> 
     </span>
     <span class='ocr_line' id='line_1_19' title="bbox 375 2477 1705 2556; baseline 0.001 -21"><span class='ocrx_word' id='word_1_169' title='bbox 375 2495 441 2535; x_wconf 92' lang='lat' dir='ltr'>cum</span> <span class='ocrx_word' id='word_1_170' title='bbox 466 2478 616 2555; x_wconf 91' lang='lat' dir='ltr'>quoddam</span> <span class='ocrx_word' id='word_1_171' title='bbox 638 2478 828 2556; x_wconf 88' lang='lat' dir='ltr'>privilegium</span> <span class='ocrx_word' id='word_1_172' title='bbox 852 2479 999 2538; x_wconf 86' lang='lat' dir='ltr'>tribuatur</span> <span class='ocrx_word' id='word_1_173' title='bbox 1022 2477 1070 2554; x_wconf 83' lang='lat' dir='ltr'>(G.</span> <span class='ocrx_word' id='word_1_174' title='bbox 1085 2478 1143 2536; x_wconf 88' lang='lat' dir='ltr'>Th.</span> <span class='ocrx_word' id='word_1_175' title='bbox 1161 2480 1190 2551; x_wconf 88' lang='grc'>6,</span> <span class='ocrx_word' id='word_1_176' title='bbox 1207 2479 1290 2550; x_wconf 88' lang='grc'>27,8</span> <span class='ocrx_word' id='word_1_177' title='bbox 1314 2498 1341 2536; x_wconf 86' lang='lat' dir='ltr'>a.</span> <span class='ocrx_word' id='word_1_178' title='bbox 1356 2478 1441 2554; x_wconf 84' lang='lat'><strong>396),</strong></span> <span class='ocrx_word' id='word_1_179' title='bbox 1463 2477 1528 2536; x_wconf 87' lang='lat' dir='ltr'>iure</span> <span class='ocrx_word' id='word_1_180' title='bbox 1550 2478 1620 2537; x_wconf 89' lang='lat' dir='ltr'>inde</span> <span class='ocrx_word' id='word_1_181' title='bbox 1634 2479 1705 2537; x_wconf 86' lang='lat' dir='ltr'>eolli-</span> 
     </span>
     <span class='ocr_line' id='line_1_20' title="bbox 374 2581 1703 2659; baseline 0 -22"><span class='ocrx_word' id='word_1_182' title='bbox 374 2597 479 2656; x_wconf 89' lang='lat' dir='ltr'>gemus</span> <span class='ocrx_word' id='word_1_183' title='bbox 502 2601 566 2639; x_wconf 90' lang='lat' dir='ltr'>eam</span> <span class='ocrx_word' id='word_1_184' title='bbox 589 2581 760 2640; x_wconf 80' lang='lat' dir='ltr'>comitivam</span> <span class='ocrx_word' id='word_1_185' title='bbox 783 2581 973 2640; x_wconf 90' lang='lat' dir='ltr'>cubiculariis</span> <span class='ocrx_word' id='word_1_186' title='bbox 997 2581 1133 2640; x_wconf 89' lang='lat' dir='ltr'>omnibus</span> <span class='ocrx_word' id='word_1_187' title='bbox 1155 2597 1330 2640; x_wconf 88' lang='lat' dir='ltr'>concessam</span> <span class='ocrx_word' id='word_1_188' title='bbox 1353 2597 1429 2638; x_wconf 89' lang='lat' dir='ltr'>esse.</span> <span class='ocrx_word' id='word_1_189' title='bbox 1471 2581 1547 2639; x_wconf 90' lang='lat' dir='ltr'>Item</span> <span class='ocrx_word' id='word_1_190' title='bbox 1569 2582 1703 2659; x_wconf 87' lang='lat' dir='ltr'>proximis</span> 
     </span>
     <span class='ocr_line' id='line_1_21' title="bbox 374 2681 1703 2760; baseline 0 -20"><span class='ocrx_word' id='word_1_191' title='bbox 374 2683 552 2741; x_wconf 89' lang='lat' dir='ltr'>scriniorum</span> <span class='ocrx_word' id='word_1_192' title='bbox 575 2683 640 2760; x_wconf 85' lang='lat' dir='ltr'>lege</span> <span class='ocrx_word' id='word_1_193' title='bbox 664 2703 690 2742; x_wconf 86' lang='grc'>6.</span> <span class='ocrx_word' id='word_1_194' title='bbox 705 2683 765 2741; x_wconf 88' lang='grc'>416</span> <span class='ocrx_word' id='word_1_195' title='bbox 789 2681 837 2760; x_wconf 83' lang='grc' dir='ltr'>(Ο.</span> <span class='ocrx_word' id='word_1_196' title='bbox 856 2683 913 2741; x_wconf 91' lang='lat' dir='ltr'>Th.</span> <span class='ocrx_word' id='word_1_197' title='bbox 932 2683 960 2754; x_wconf 92' lang='lat'>6,</span> <span class='ocrx_word' id='word_1_198' title='bbox 977 2681 1026 2756; x_wconf 90' lang='grc'>26,</span> <span class='ocrx_word' id='word_1_199' title='bbox 1046 2683 1106 2760; x_wconf 90' lang='grc'>17),</span> <span class='ocrx_word' id='word_1_200' title='bbox 1129 2702 1195 2741; x_wconf 91' lang='lat' dir='ltr'>cum</span> <span class='ocrx_word' id='word_1_201' title='bbox 1215 2691 1303 2743; x_wconf 90' lang='lat' dir='ltr'>antea</span> <span class='ocrx_word' id='word_1_202' title='bbox 1318 2683 1423 2742; x_wconf 87' lang='lat' dir='ltr'>tertiae</span> <span class='ocrx_word' id='word_1_203' title='bbox 1445 2683 1609 2742; x_wconf 80' lang='lat' dir='ltr'>comitivae</span> <span class='ocrx_word' id='word_1_204' title='bbox 1622 2683 1703 2760; x_wconf 77' lang='lat' dir='ltr'>gradu</span> 
     </span>
     <span class='ocr_line' id='line_1_22' title="bbox 374 2785 1701 2861; baseline -0.002 -16"><span class='ocrx_word' id='word_1_205' title='bbox 374 2794 491 2858; x_wconf 88' lang='lat' dir='ltr'>essent,</span> <span class='ocrx_word' id='word_1_206' title='bbox 521 2787 643 2845; x_wconf 89' lang='lat' dir='ltr'>secundi</span> <span class='ocrx_word' id='word_1_207' title='bbox 667 2786 779 2845; x_wconf 89' lang='lat' dir='ltr'>ordinis</span> <span class='ocrx_word' id='word_1_208' title='bbox 802 2785 932 2843; x_wconf 89' lang='lat' dir='ltr'>codicilli</span> <span class='ocrx_word' id='word_1_209' title='bbox 954 2786 1090 2844; x_wconf 88' lang='lat' dir='ltr'>concessi</span> <span class='ocrx_word' id='word_1_210' title='bbox 1113 2795 1198 2858; x_wconf 88' lang='lat' dir='ltr'>sunt,</span> <span class='ocrx_word' id='word_1_211' title='bbox 1227 2785 1355 2861; x_wconf 88' lang='lat' dir='ltr'>indeque</span> <span class='ocrx_word' id='word_1_212' title='bbox 1378 2785 1478 2846; x_wconf 88' lang='lat' dir='ltr'>ethis</span> <span class='ocrx_word' id='word_1_213' title='bbox 1501 2793 1532 2844; x_wconf 90' lang='lat' dir='ltr'>et</span> <span class='ocrx_word' id='word_1_214' title='bbox 1558 2786 1701 2844; x_wconf 84' lang='lat' dir='ltr'>comitibus</span> 
     </span>
     <span class='ocr_line' id='line_1_23' title="bbox 373 2886 1701 2966; baseline -0.004 -18"><span class='ocrx_word' id='word_1_215' title='bbox 373 2889 602 2965; x_wconf 90' lang='lat' dir='ltr'>dispositionum</span> <span class='ocrx_word' id='word_1_216' title='bbox 632 2909 687 2966; x_wconf 91' lang='lat' dir='ltr'>pro</span> <span class='ocrx_word' id='word_1_217' title='bbox 716 2907 793 2947; x_wconf 85' lang='lat' dir='ltr'>noro</span> <span class='ocrx_word' id='word_1_218' title='bbox 820 2887 914 2966; x_wconf 88' lang='lat' dir='ltr'>gradu</span> <span class='ocrx_word' id='word_1_219' title='bbox 945 2889 1037 2946; x_wconf 88' lang='lat' dir='ltr'>vestis</span> <span class='ocrx_word' id='word_1_220' title='bbox 1064 2889 1209 2946; x_wconf 91' lang='lat' dir='ltr'>attributa</span> <span class='ocrx_word' id='word_1_221' title='bbox 1235 2886 1358 2962; x_wconf 87' lang='lat' dir='ltr'>(C.Th.</span> <span class='ocrx_word' id='word_1_222' title='bbox 1383 2887 1412 2958; x_wconf 90' lang='lat'>6,</span> <span class='ocrx_word' id='word_1_223' title='bbox 1436 2886 1491 2959; x_wconf 90' lang='grc'>26,</span> <span class='ocrx_word' id='word_1_224' title='bbox 1518 2887 1556 2946; x_wconf 88' lang='grc'>18</span> <span class='ocrx_word' id='word_1_225' title='bbox 1583 2887 1701 2962; x_wconf 72' lang='lat' dir='ltr'>atto).</span> 
     </span>
     <span class='ocr_line' id='line_1_24' title="bbox 372 2988 1701 3067; baseline -0.003 -18"><span class='ocrx_word' id='word_1_226' title='bbox 372 2992 408 3049; x_wconf 94' lang='lat' dir='ltr'>In</span> <span class='ocrx_word' id='word_1_227' title='bbox 431 2994 602 3051; x_wconf 89' lang='lat' dir='ltr'>universum</span> <span class='ocrx_word' id='word_1_228' title='bbox 624 2992 751 3067; x_wconf 89' lang='lat' dir='ltr'>denique</span> <span class='ocrx_word' id='word_1_229' title='bbox 772 2993 803 3050; x_wconf 91' lang='lat' dir='ltr'>in</span> <span class='ocrx_word' id='word_1_230' title='bbox 826 2990 891 3067; x_wconf 87' lang='lat' dir='ltr'>lege</span> <span class='ocrx_word' id='word_1_231' title='bbox 912 3011 938 3048; x_wconf 91' lang='lat' dir='ltr'>a.</span> <span class='ocrx_word' id='word_1_232' title='bbox 956 2988 1055 3066; x_wconf 76' lang='lat'>412²)</span> <span class='ocrx_word' id='word_1_233' title='bbox 1077 2990 1156 3049; x_wconf 90' lang='lat' dir='ltr'>inter</span> <span class='ocrx_word' id='word_1_234' title='bbox 1177 3007 1240 3062; x_wconf 90' lang='lat' dir='ltr'>eos,</span> <span class='ocrx_word' id='word_1_235' title='bbox 1263 2991 1315 3067; x_wconf 92' lang='lat' dir='ltr'>qui</span> <span class='ocrx_word' id='word_1_236' title='bbox 1336 3011 1355 3048; x_wconf 93' lang='lat' dir='ltr'>a</span> <span class='ocrx_word' id='word_1_237' title='bbox 1376 2991 1506 3049; x_wconf 91' lang='lat' dir='ltr'>tironum</span> <span class='ocrx_word' id='word_1_238' title='bbox 1529 2991 1701 3067; x_wconf 87' lang='lat' dir='ltr'>praebitione</span> 
     </span>
     <span class='ocr_line' id='line_1_25' title="bbox 371 3093 1760 3170; baseline -0.004 -16"><span class='ocrx_word' id='word_1_239' title='bbox 371 3102 570 3166; x_wconf 88' lang='lat' dir='ltr'>excusantur,</span> <span class='ocrx_word' id='word_1_240' title='bbox 602 3102 797 3153; x_wconf 87' lang='lat' dir='ltr'>recensentur</span> <span class='ocrx_word' id='word_1_241' title='bbox 826 3102 895 3169; x_wconf 90' lang='lat' dir='ltr'>post</span> <span class='ocrx_word' id='word_1_242' title='bbox 923 3093 1053 3151; x_wconf 87' lang='lat' dir='ltr'>honores</span> <span class='ocrx_word' id='word_1_243' title='bbox 1083 3093 1212 3152; x_wconf 88' lang='lat' dir='ltr'>maiores</span> <span class='ocrx_word' id='word_1_244' title='bbox 1245 3093 1375 3168; x_wconf 86' lang='lat' dir='ltr'>proximi</span> <span class='ocrx_word' id='word_1_245' title='bbox 1408 3093 1591 3152; x_wconf 87' lang='lat' dir='ltr'>scriniorum</span> <span class='ocrx_word' id='word_1_246' title='bbox 1623 3093 1700 3170; x_wconf 84' lang='lat' dir='ltr'>(quos</span> <span class='ocrx_word' id='word_1_247' title='bbox 1759 3099 1760 3102; x_wconf 76' lang='grc'>’</span> 
     </span>
     <span class='ocr_line' id='line_1_26' title="bbox 372 3193 1699 3272; baseline -0.003 -17"><span class='ocrx_word' id='word_1_248' title='bbox 372 3197 459 3255; x_wconf 93' lang='lat' dir='ltr'>modo</span> <span class='ocrx_word' id='word_1_249' title='bbox 477 3198 603 3257; x_wconf 90' lang='lat' dir='ltr'>vidimus</span> <span class='ocrx_word' id='word_1_250' title='bbox 619 3216 655 3255; x_wconf 89' lang='lat' dir='ltr'>eo</span> <span class='ocrx_word' id='word_1_251' title='bbox 670 3208 803 3272; x_wconf 86' lang='lat' dir='ltr'>tempore</span> <span class='ocrx_word' id='word_1_252' title='bbox 819 3195 988 3254; x_wconf 89' lang='lat' dir='ltr'>comitivam</span> <span class='ocrx_word' id='word_1_253' title='bbox 1004 3196 1083 3254; x_wconf 89' lang='lat' dir='ltr'>tertii</span> <span class='ocrx_word' id='word_1_254' title='bbox 1098 3195 1209 3272; x_wconf 84' lang='lat' dir='ltr'>gradus</span> <span class='ocrx_word' id='word_1_255' title='bbox 1223 3193 1378 3272; x_wconf 88' lang='lat' dir='ltr'>habuisse)</span> <span class='ocrx_word' id='word_1_256' title='bbox 1400 3205 1429 3254; x_wconf 87' lang='lat' dir='ltr'>et</span> <span class='ocrx_word' id='word_1_257' title='bbox 1445 3195 1568 3270; x_wconf 83' lang='lat' dir='ltr'>scrinia,</span> <span class='ocrx_word' id='word_1_258' title='bbox 1590 3197 1699 3254; x_wconf 86' lang='lat' dir='ltr'>comites</span> 
     </span>
     <span class='ocr_line' id='line_1_27' title="bbox 370 3297 1697 3376; baseline -0.002 -20"><span class='ocrx_word' id='word_1_259' title='bbox 370 3299 618 3376; x_wconf 90' lang='lat' dir='ltr'>dispositionum,</span> <span class='ocrx_word' id='word_1_260' title='bbox 646 3299 821 3358; x_wconf 89' lang='lat' dir='ltr'>decuriones</span> <span class='ocrx_word' id='word_1_261' title='bbox 849 3297 979 3374; x_wconf 83' lang='lat' dir='ltr'>(aulici),</span> <span class='ocrx_word' id='word_1_262' title='bbox 1007 3299 1150 3374; x_wconf 84' lang='lat' dir='ltr'>magister</span> <span class='ocrx_word' id='word_1_263' title='bbox 1176 3298 1392 3357; x_wconf 88' lang='lat' dir='ltr'>admissionum</span> <span class='ocrx_word' id='word_1_264' title='bbox 1419 3306 1447 3356; x_wconf 81' lang='lat' dir='ltr'>at</span> <span class='ocrx_word' id='word_1_265' title='bbox 1470 3309 1581 3358; x_wconf 66' lang='lat' dir='ltr'>caerae</span> <span class='ocrx_word' id='word_1_266' title='bbox 1606 3299 1697 3356; x_wconf 69' lang='lat' dir='ltr'>malles</span> 
     </span>
     <span class='ocr_line' id='line_1_28' title="bbox 368 3399 1698 3477; baseline -0.002 -18"><span class='ocrx_word' id='word_1_267' title='bbox 368 3405 499 3461; x_wconf 83' lang='lat' dir='ltr'>comitam</span> <span class='ocrx_word' id='word_1_268' title='bbox 521 3403 664 3462; x_wconf 70' lang='lat' dir='ltr'>laboribus</span> <span class='ocrx_word' id='word_1_269' title='bbox 686 3405 791 3461; x_wconf 78' lang='lat' dir='ltr'>nostris</span> <span class='ocrx_word' id='word_1_270' title='bbox 813 3405 908 3460; x_wconf 80' lang='lat' dir='ltr'>sociae</span> <span class='ocrx_word' id='word_1_271' title='bbox 929 3403 1091 3477; x_wconf 72' lang='lat' dir='ltr'>diqaitatca.</span> <span class='ocrx_word' id='word_1_272' title='bbox 1128 3399 1212 3459; x_wconf 88' lang='lat' dir='ltr'>Haec</span> <span class='ocrx_word' id='word_1_273' title='bbox 1233 3419 1416 3476; x_wconf 90' lang='lat' dir='ltr'>quamquam</span> <span class='ocrx_word' id='word_1_274' title='bbox 1439 3401 1478 3460; x_wconf 90' lang='lat' dir='ltr'>ad</span> <span class='ocrx_word' id='word_1_275' title='bbox 1497 3400 1608 3460; x_wconf 88' lang='lat' dir='ltr'>Iuliani</span> <span class='ocrx_word' id='word_1_276' title='bbox 1627 3407 1698 3460; x_wconf 78' lang='lat' dir='ltr'>aeta·</span> 
     </span>
     <span class='ocr_line' id='line_1_29' title="bbox 370 3502 1695 3582; baseline -0.004 -19"><span class='ocrx_word' id='word_1_277' title='bbox 370 3513 428 3563; x_wconf 91' lang='lat' dir='ltr'>tem</span> <span class='ocrx_word' id='word_1_278' title='bbox 450 3524 511 3564; x_wconf 93' lang='lat' dir='ltr'>non</span> <span class='ocrx_word' id='word_1_279' title='bbox 534 3505 634 3564; x_wconf 86' lang='lat' dir='ltr'>omnia</span> <span class='ocrx_word' id='word_1_280' title='bbox 656 3505 842 3582; x_wconf 81' lang='lat' dir='ltr'>perveniunt,</span> <span class='ocrx_word' id='word_1_281' title='bbox 865 3504 939 3562; x_wconf 88' lang='lat' dir='ltr'>satis</span> <span class='ocrx_word' id='word_1_282' title='bbox 962 3502 1126 3574; x_wconf 86' lang='lat' dir='ltr'>declarant,</span> <span class='ocrx_word' id='word_1_283' title='bbox 1149 3503 1363 3579; x_wconf 87' lang='lat' dir='ltr'>aquibusnam</span> <span class='ocrx_word' id='word_1_284' title='bbox 1378 3503 1539 3563; x_wconf 88' lang='lat' dir='ltr'>comitibus</span> <span class='ocrx_word' id='word_1_285' title='bbox 1554 3503 1695 3563; x_wconf 74' lang='grc'>116116616-</span> 
     </span>
     <span class='ocr_line' id='line_1_30' title="bbox 367 3605 1112 3667; baseline -0.003 -3"><span class='ocrx_word' id='word_1_286' title='bbox 367 3625 424 3667; x_wconf 89' lang='lat' dir='ltr'>nus</span> <span class='ocrx_word' id='word_1_287' title='bbox 447 3627 594 3666; x_wconf 87' lang='lat' dir='ltr'>unacum</span> <span class='ocrx_word' id='word_1_288' title='bbox 617 3607 806 3666; x_wconf 88' lang='lat' dir='ltr'>senatoribus</span> <span class='ocrx_word' id='word_1_289' title='bbox 831 3607 955 3666; x_wconf 84' lang='lat' dir='ltr'>salutari</span> <span class='ocrx_word' id='word_1_290' title='bbox 978 3605 1112 3665; x_wconf 86' lang='lat' dir='ltr'>voluerit.</span> 
     </span>
    </p>

    <p class='ocr_par' dir='ltr' id='par_1_5' title="bbox 364 3707 1693 4299">
     <span class='ocr_line' id='line_1_31' title="bbox 410 3707 1693 3786; baseline -0.005 -16"><span class='ocrx_word' id='word_1_291' title='bbox 410 3707 582 3786; x_wconf 88' lang='lat' dir='ltr'>Sequuntur</span> <span class='ocrx_word' id='word_1_292' title='bbox 603 3729 636 3769; x_wconf 82' lang='lat' dir='ltr'>ec</span> <span class='ocrx_word' id='word_1_293' title='bbox 658 3711 803 3770; x_wconf 81' lang='lat' dir='ltr'>comitibus</span> <span class='ocrx_word' id='word_1_294' title='bbox 825 3711 877 3786; x_wconf 90' lang='lat' dir='ltr'>qui</span> <span class='ocrx_word' id='word_1_295' title='bbox 899 3710 1036 3768; x_wconf 91' lang='lat' dir='ltr'>dicuntur</span> <span class='ocrx_word' id='word_1_296' title='bbox 1057 3709 1120 3768; x_wconf 88' lang='lat' dir='ltr'>sive</span> <span class='ocrx_word' id='word_1_297' title='bbox 1142 3709 1265 3768; x_wconf 90' lang='lat' dir='ltr'>comites</span> <span class='ocrx_word' id='word_1_298' title='bbox 1281 3708 1444 3768; x_wconf 87' lang='lat' dir='ltr'>honorarii.</span> <span class='ocrx_word' id='word_1_299' title='bbox 1480 3707 1529 3766; x_wconf 87' lang='lat' dir='ltr'>Ita</span> <span class='ocrx_word' id='word_1_300' title='bbox 1545 3707 1693 3768; x_wconf 87' lang='lat' dir='ltr'>secuudum</span> 
     </span>
     <span class='ocr_line' id='line_1_32' title="bbox 367 3809 1693 3890; baseline -0.005 -20"><span class='ocrx_word' id='word_1_301' title='bbox 367 3812 464 3890; x_wconf 85' lang='lat' dir='ltr'>legem</span> <span class='ocrx_word' id='word_1_302' title='bbox 486 3832 512 3872; x_wconf 89' lang='lat' dir='ltr'>a.</span> <span class='ocrx_word' id='word_1_303' title='bbox 530 3813 587 3871; x_wconf 87' lang='grc'>371</span> <span class='ocrx_word' id='word_1_304' title='bbox 613 3811 664 3889; x_wconf 86' lang='lat' dir='ltr'>(G.</span> <span class='ocrx_word' id='word_1_305' title='bbox 680 3813 737 3871; x_wconf 89' lang='lat' dir='ltr'>Th.</span> <span class='ocrx_word' id='word_1_306' title='bbox 758 3811 805 3884; x_wconf 93' lang='grc'>12,</span> <span class='ocrx_word' id='word_1_307' title='bbox 825 3813 850 3882; x_wconf 97' lang='grc'>1,</span> <span class='ocrx_word' id='word_1_308' title='bbox 867 3812 931 3888; x_wconf 84' lang='grc'>75),</span> <span class='ocrx_word' id='word_1_309' title='bbox 953 3811 1022 3871; x_wconf 88' lang='lat' dir='ltr'>huic</span> <span class='ocrx_word' id='word_1_310' title='bbox 1045 3812 1133 3888; x_wconf 80' lang='lat' dir='ltr'>igitur</span> <span class='ocrx_word' id='word_1_311' title='bbox 1156 3811 1276 3871; x_wconf 89' lang='lat' dir='ltr'>decreto</span> <span class='ocrx_word' id='word_1_312' title='bbox 1291 3812 1353 3870; x_wconf 81' lang='lat' dir='ltr'>iere</span> <span class='ocrx_word' id='word_1_313' title='bbox 1369 3811 1536 3888; x_wconf 87' lang='lat' dir='ltr'>aequalem,</span> <span class='ocrx_word' id='word_1_314' title='bbox 1560 3809 1693 3870; x_wconf 80' lang='lat' dir='ltr'>sacerdoti</span> 
     </span>
     <span class='ocr_line' id='line_1_33' title="bbox 366 3911 1691 3993; baseline -0.005 -20"><span class='ocrx_word' id='word_1_315' title='bbox 366 3916 538 3991; x_wconf 86' lang='lat' dir='ltr'>provinciae</span> <span class='ocrx_word' id='word_1_316' title='bbox 560 3925 591 3974; x_wconf 87' lang='lat' dir='ltr'>et</span> <span class='ocrx_word' id='word_1_317' title='bbox 611 3915 772 3993; x_wconf 90' lang='lat' dir='ltr'>principali</span> <span class='ocrx_word' id='word_1_318' title='bbox 794 3915 893 3973; x_wconf 89' lang='lat' dir='ltr'>curiae</span> <span class='ocrx_word' id='word_1_319' title='bbox 916 3915 1087 3972; x_wconf 87' lang='lat' dir='ltr'>muneribus</span> <span class='ocrx_word' id='word_1_320' title='bbox 1110 3915 1262 3989; x_wconf 89' lang='lat' dir='ltr'>expeditis</span> <span class='ocrx_word' id='word_1_321' title='bbox 1289 3915 1379 3972; x_wconf 81' lang='lat' dir='ltr'>bonor</span> <span class='ocrx_word' id='word_1_322' title='bbox 1400 3933 1434 3972; x_wconf 73' lang='lat' dir='ltr'>ea</span> <span class='ocrx_word' id='word_1_323' title='bbox 1456 3915 1601 3973; x_wconf 77' lang='lat' dir='ltr'>comitibus</span> <span class='ocrx_word' id='word_1_324' title='bbox 1621 3911 1691 3970; x_wconf 88' lang='lat' dir='ltr'>addi·</span> 
     </span>
     <span class='ocr_line' id='line_1_34' title="bbox 365 4015 1691 4095; baseline -0.007 -19"><span class='ocrx_word' id='word_1_325' title='bbox 365 4024 426 4090; x_wconf 88' lang='lat' dir='ltr'>tur,</span> <span class='ocrx_word' id='word_1_326' title='bbox 455 4037 536 4095; x_wconf 85' lang='lat' dir='ltr'>quem</span> <span class='ocrx_word' id='word_1_327' title='bbox 557 4021 580 4075; x_wconf 80' lang='lat' dir='ltr'>ii</span> <span class='ocrx_word' id='word_1_328' title='bbox 601 4021 732 4093; x_wconf 83' lang='lat' dir='ltr'>consequi</span> <span class='ocrx_word' id='word_1_329' title='bbox 754 4017 844 4075; x_wconf 85' lang='lat' dir='ltr'>solent</span> <span class='ocrx_word' id='word_1_330' title='bbox 865 4020 916 4092; x_wconf 83' lang='lat' dir='ltr'>qui</span> <span class='ocrx_word' id='word_1_331' title='bbox 930 4017 1016 4092; x_wconf 84' lang='lat' dir='ltr'>fidem</span> <span class='ocrx_word' id='word_1_332' title='bbox 1042 4015 1272 4092; x_wconf 76' lang='lat' dir='ltr'>dilipentiamque</span> <span class='ocrx_word' id='word_1_333' title='bbox 1298 4035 1381 4074; x_wconf 84' lang='lat' dir='ltr'>auam</span> <span class='ocrx_word' id='word_1_334' title='bbox 1407 4019 1437 4073; x_wconf 85' lang='lat' dir='ltr'>in</span> <span class='ocrx_word' id='word_1_335' title='bbox 1463 4015 1691 4074; x_wconf 69' lang='lat' dir='ltr'>administrandi:</span> 
     </span>
     <span class='ocr_line' id='line_1_35' title="bbox 364 4117 1690 4196; baseline -0.004 -19"><span class='ocrx_word' id='word_1_336' title='bbox 364 4120 446 4178; x_wconf 78' lang='lat' dir='ltr'>rebus</span> <span class='ocrx_word' id='word_1_337' title='bbox 464 4120 590 4196; x_wconf 75' lang='lat' dir='ltr'>publicis</span> <span class='ocrx_word' id='word_1_338' title='bbox 612 4119 811 4196; x_wconf 84' lang='lat' dir='ltr'>approbarint.</span> <span class='ocrx_word' id='word_1_339' title='bbox 861 4118 957 4176; x_wconf 86' lang='lat' dir='ltr'>Tertii</span> <span class='ocrx_word' id='word_1_340' title='bbox 984 4118 1094 4196; x_wconf 88' lang='lat' dir='ltr'>gradus</span> <span class='ocrx_word' id='word_1_341' title='bbox 1122 4119 1291 4176; x_wconf 85' lang='lat' dir='ltr'>comitivam</span> <span class='ocrx_word' id='word_1_342' title='bbox 1320 4117 1455 4194; x_wconf 84' lang='lat' dir='ltr'>intellegi</span> <span class='ocrx_word' id='word_1_343' title='bbox 1483 4129 1515 4176; x_wconf 91' lang='lat' dir='ltr'>ut</span> <span class='ocrx_word' id='word_1_344' title='bbox 1541 4118 1606 4194; x_wconf 81' lang='lat' dir='ltr'>ipsa</span> <span class='ocrx_word' id='word_1_345' title='bbox 1629 4133 1690 4174; x_wconf 87' lang='lat' dir='ltr'>con·</span> 
     </span>
     <span class='ocr_line' id='line_1_36' title="bbox 364 4219 1689 4299; baseline -0.002 -20"><span class='ocrx_word' id='word_1_346' title='bbox 364 4221 478 4280; x_wconf 92' lang='lat' dir='ltr'>stitutio</span> <span class='ocrx_word' id='word_1_347' title='bbox 510 4221 661 4299; x_wconf 87' lang='lat' dir='ltr'>significat</span> <span class='ocrx_word' id='word_1_348' title='bbox 693 4221 788 4298; x_wconf 83' lang='lat' dir='ltr'>gradu</span> <span class='ocrx_word' id='word_1_349' title='bbox 814 4239 874 4279; x_wconf 89' lang='lat' dir='ltr'>non</span> <span class='ocrx_word' id='word_1_350' title='bbox 904 4221 1035 4292; x_wconf 84' lang='lat' dir='ltr'>adiecto,</span> <span class='ocrx_word' id='word_1_351' title='bbox 1067 4220 1110 4278; x_wconf 92' lang='lat' dir='ltr'>ita</span> <span class='ocrx_word' id='word_1_352' title='bbox 1137 4220 1195 4279; x_wconf 88' lang='lat' dir='ltr'>alia</span> <span class='ocrx_word' id='word_1_353' title='bbox 1221 4219 1368 4279; x_wconf 88' lang='lat' dir='ltr'>enuntiat:</span> <span class='ocrx_word' id='word_1_354' title='bbox 1403 4224 1573 4296; x_wconf 73' lang='lat' dir='ltr'>quicumque</span> <span class='ocrx_word' id='word_1_355' title='bbox 1603 4220 1689 4276; x_wconf 72' lang='lat' dir='ltr'>decer</span> 
     </span>
    </p>
   </div>
   <div class='ocr_carea' id='block_1_3' title="bbox 363 4321 1689 4400">
    <p class='ocr_par' dir='ltr' id='par_1_6' title="bbox 363 4321 1689 4400">
     <span class='ocr_line' id='line_1_37' title="bbox 363 4321 1689 4400; baseline -0.004 -18"><span class='ocrx_word' id='word_1_356' title='bbox 363 4327 404 4383; x_wconf 84' lang='lat' dir='ltr'>sia</span> <span class='ocrx_word' id='word_1_357' title='bbox 527 4325 629 4400; x_wconf 80' lang='lat' dir='ltr'>officiis</span> <span class='ocrx_word' id='word_1_358' title='bbox 652 4327 778 4400; x_wconf 82' lang='lat' dir='ltr'>primam</span> <span class='ocrx_word' id='word_1_359' title='bbox 806 4325 955 4382; x_wconf 82' lang='lat' dir='ltr'>obtinuerit</span> <span class='ocrx_word' id='word_1_360' title='bbox 981 4326 1011 4382; x_wconf 83' lang='lat' dir='ltr'>ia</span> <span class='ocrx_word' id='word_1_361' title='bbox 1040 4341 1095 4382; x_wconf 81' lang='lat' dir='ltr'>cua</span> <span class='ocrx_word' id='word_1_362' title='bbox 1121 4325 1203 4382; x_wconf 85' lang='lat' dir='ltr'>curia</span> <span class='ocrx_word' id='word_1_363' title='bbox 1319 4324 1424 4398; x_wconf 83' lang='lat' dir='ltr'>locam,</span> <span class='ocrx_word' id='word_1_364' title='bbox 1452 4326 1596 4382; x_wconf 76' lang='grc'>6616111166</span> <span class='ocrx_word' id='word_1_365' title='bbox 1623 4321 1689 4380; x_wconf 79' lang='lat' dir='ltr'>tertii</span> 
     </span>
    </p>
   </div>
   <div class='ocr_carea' id='block_1_4' title="bbox 361 4489 566 4499">
    <p class='ocr_par' dir='ltr' id='par_1_7' title="bbox 361 4489 566 4499">
     <span class='ocr_line' id='line_1_38' title="bbox 361 4489 566 4499; baseline 0 -1"><span class='ocrx_word' id='word_1_366' title='bbox 361 4489 566 4499; x_wconf 73' lang='lat' dir='ltr'>-n-——.</span> 
     </span>
    </p>
   </div>
   <div class='ocr_carea' id='block_1_5' title="bbox 358 4614 1687 4962">
    <p class='ocr_par' dir='ltr' id='par_1_8' title="bbox 358 4614 1687 4962">
     <span class='ocr_line' id='line_1_39' title="bbox 419 4614 1687 4683; baseline -0.005 -15"><span class='ocrx_word' id='word_1_367' title='bbox 419 4614 442 4679; x_wconf 86' lang='lat'>¹)</span> <span class='ocrx_word' id='word_1_368' title='bbox 463 4618 547 4668; x_wconf 85' lang='lat' dir='ltr'>Etiam</span> <span class='ocrx_word' id='word_1_369' title='bbox 568 4618 595 4668; x_wconf 92' lang='lat' dir='ltr'>in</span> <span class='ocrx_word' id='word_1_370' title='bbox 615 4633 694 4683; x_wconf 82' lang='lat' dir='ltr'>regno</span> <span class='ocrx_word' id='word_1_371' title='bbox 714 4617 869 4669; x_wconf 87' lang='lat' dir='ltr'>Theoderici</span> <span class='ocrx_word' id='word_1_372' title='bbox 893 4618 936 4683; x_wconf 91' lang='lat' dir='ltr'>qui</span> <span class='ocrx_word' id='word_1_373' title='bbox 960 4617 1066 4682; x_wconf 79' lang='lat' dir='ltr'>singulis</span> <span class='ocrx_word' id='word_1_374' title='bbox 1090 4617 1235 4667; x_wconf 85' lang='lat' dir='ltr'>civitatibus</span> <span class='ocrx_word' id='word_1_375' title='bbox 1258 4623 1466 4682; x_wconf 86' lang='lat' dir='ltr'>praeponuntur,</span> <span class='ocrx_word' id='word_1_376' title='bbox 1491 4616 1632 4666; x_wconf 71' lang='lat' dir='ltr'>comitivam</span> <span class='ocrx_word' id='word_1_377' title='bbox 1653 4627 1687 4662; x_wconf 79' lang='lat' dir='ltr'>se·</span> 
     </span>
     <span class='ocr_line' id='line_1_40' title="bbox 359 4705 1686 4776; baseline -0.004 -16"><span class='ocrx_word' id='word_1_378' title='bbox 359 4709 437 4760; x_wconf 87' lang='lat' dir='ltr'>cundi</span> <span class='ocrx_word' id='word_1_379' title='bbox 457 4711 555 4762; x_wconf 88' lang='lat' dir='ltr'>ordinis</span> <span class='ocrx_word' id='word_1_380' title='bbox 573 4711 701 4776; x_wconf 89' lang='lat' dir='ltr'>accipiunt</span> <span class='ocrx_word' id='word_1_381' title='bbox 718 4711 908 4772; x_wconf 81' lang='lat' dir='ltr'>(Cassiodorius</span> <span class='ocrx_word' id='word_1_382' title='bbox 921 4725 974 4760; x_wconf 85' lang='lat' dir='ltr'>rar.</span> <span class='ocrx_word' id='word_1_383' title='bbox 990 4713 1014 4773; x_wconf 91' lang='grc'>7,</span> <span class='ocrx_word' id='word_1_384' title='bbox 1030 4711 1078 4773; x_wconf 84' lang='grc'>26;</span> <span class='ocrx_word' id='word_1_385' title='bbox 1098 4709 1130 4759; x_wconf 79' lang='lat' dir='ltr'>es.</span> <span class='ocrx_word' id='word_1_386' title='bbox 1146 4710 1226 4774; x_wconf 85' lang='lat' dir='ltr'>Hegel</span> <span class='ocrx_word' id='word_1_387' title='bbox 1242 4707 1388 4759; x_wconf 80' lang='lat' dir='ltr'>Geacbicltte</span> <span class='ocrx_word' id='word_1_388' title='bbox 1401 4707 1447 4760; x_wconf 81' lang='lat' dir='ltr'>cler</span> <span class='ocrx_word' id='word_1_389' title='bbox 1460 4705 1686 4772; x_wconf 66' lang='lat' dir='ltr'>Smdmefamy</span> 
     </span>
     <span class='ocr_line' id='line_1_41' title="bbox 358 4799 1684 4868; baseline -0.007 -16"><span class='ocrx_word' id='word_1_390' title='bbox 358 4819 407 4853; x_wconf 84' lang='lat' dir='ltr'>von</span> <span class='ocrx_word' id='word_1_391' title='bbox 426 4801 519 4853; x_wconf 80' lang='lat' dir='ltr'>Italian</span> <span class='ocrx_word' id='word_1_392' title='bbox 540 4806 564 4866; x_wconf 92' lang='lat'>1,</span> <span class='ocrx_word' id='word_1_393' title='bbox 586 4803 658 4866; x_wconf 87' lang='grc'>122).</span> <span class='ocrx_word' id='word_1_394' title='bbox 705 4803 757 4856; x_wconf 87' lang='lat' dir='ltr'>Sed</span> <span class='ocrx_word' id='word_1_395' title='bbox 780 4804 873 4854; x_wconf 90' lang='lat' dir='ltr'>horum</span> <span class='ocrx_word' id='word_1_396' title='bbox 898 4804 1071 4854; x_wconf 88' lang='lat' dir='ltr'>institutorum</span> <span class='ocrx_word' id='word_1_397' title='bbox 1095 4817 1222 4868; x_wconf 89' lang='lat' dir='ltr'>quaenam</span> <span class='ocrx_word' id='word_1_398' title='bbox 1247 4817 1305 4852; x_wconf 81' lang='lat' dir='ltr'>rere</span> <span class='ocrx_word' id='word_1_399' title='bbox 1324 4801 1444 4852; x_wconf 80' lang='lat' dir='ltr'>Romana</span> <span class='ocrx_word' id='word_1_400' title='bbox 1467 4802 1519 4850; x_wconf 83' lang='lat' dir='ltr'>sint</span> <span class='ocrx_word' id='word_1_401' title='bbox 1542 4801 1575 4850; x_wconf 79' lang='lat' dir='ltr'>sd</span> <span class='ocrx_word' id='word_1_402' title='bbox 1593 4799 1684 4850; x_wconf 83' lang='lat' dir='ltr'>Gothos</span> 
     </span>
     <span class='ocr_line' id='line_1_42' title="bbox 358 4893 1683 4962; baseline -0.008 -16"><span class='ocrx_word' id='word_1_403' title='bbox 358 4896 492 4958; x_wconf 75' lang='grc'>1161161616,</span> <span class='ocrx_word' id='word_1_404' title='bbox 512 4911 640 4962; x_wconf 85' lang='lat' dir='ltr'>quaenam</span> <span class='ocrx_word' id='word_1_405' title='bbox 660 4897 760 4962; x_wconf 78' lang='lat' dir='ltr'>origine</span> <span class='ocrx_word' id='word_1_406' title='bbox 778 4896 909 4950; x_wconf 85' lang='lat' dir='ltr'>Germana</span> <span class='ocrx_word' id='word_1_407' title='bbox 927 4897 1046 4948; x_wconf 87' lang='lat' dir='ltr'>Romano</span> <span class='ocrx_word' id='word_1_408' title='bbox 1065 4894 1191 4946; x_wconf 84' lang='lat' dir='ltr'>vocabulo</span> <span class='ocrx_word' id='word_1_409' title='bbox 1212 4895 1352 4960; x_wconf 80' lang='lat' dir='ltr'>appellate,</span> <span class='ocrx_word' id='word_1_410' title='bbox 1372 4909 1456 4960; x_wconf 86' lang='lat' dir='ltr'>neque</span> <span class='ocrx_word' id='word_1_411' title='bbox 1475 4893 1551 4944; x_wconf 77' lang='grc'>166116</span> <span class='ocrx_word' id='word_1_412' title='bbox 1569 4893 1634 4942; x_wconf 82' lang='lat' dir='ltr'>diem</span> <span class='ocrx_word' id='word_1_413' title='bbox 1651 4899 1683 4936; x_wconf 82' lang='lat' dir='ltr'>est</span> 
     </span>
    </p>
   </div>
   <div class='ocr_carea' id='block_1_6' title="bbox 352 4989 1681 5242">
    <p class='ocr_par' dir='ltr' id='par_1_9' title="bbox 352 4989 1681 5242">
     <span class='ocr_line' id='line_1_43' title="bbox 356 4989 940 5054; baseline 0.003 -16"><span class='ocrx_word' id='word_1_414' title='bbox 356 4995 381 5038; x_wconf 86' lang='lat' dir='ltr'>et</span> <span class='ocrx_word' id='word_1_415' title='bbox 400 4989 433 5039; x_wconf 89' lang='lat' dir='ltr'>ab</span> <span class='ocrx_word' id='word_1_416' title='bbox 452 4989 501 5038; x_wconf 87' lang='lat' dir='ltr'>hac</span> <span class='ocrx_word' id='word_1_417' title='bbox 520 4995 607 5040; x_wconf 87' lang='lat' dir='ltr'>nostra</span> <span class='ocrx_word' id='word_1_418' title='bbox 626 4989 800 5054; x_wconf 81' lang='lat' dir='ltr'>disputatione</span> <span class='ocrx_word' id='word_1_419' title='bbox 819 4990 940 5040; x_wconf 86' lang='lat' dir='ltr'>alienum.</span> 
     </span>
     <span class='ocr_line' id='line_1_44' title="bbox 412 5073 1681 5144; baseline -0.011 -11"><span class='ocrx_word' id='word_1_420' title='bbox 412 5079 437 5143; x_wconf 79' lang='lat'>²)</span> <span class='ocrx_word' id='word_1_421' title='bbox 458 5081 709 5144; x_wconf 63' lang='grc'>61616161.</span> <span class='ocrx_word' id='word_1_422' title='bbox 749 5083 912 5134; x_wconf 83' lang='lat' dir='ltr'>Conferenda</span> <span class='ocrx_word' id='word_1_423' title='bbox 930 5080 1078 5131; x_wconf 89' lang='lat' dir='ltr'>constitutio</span> <span class='ocrx_word' id='word_1_424' title='bbox 1096 5079 1271 5132; x_wconf 84' lang='lat' dir='ltr'>Valentiniani</span> <span class='ocrx_word' id='word_1_425' title='bbox 1291 5079 1333 5129; x_wconf 90' lang='grc' dir='ltr'>ΠΙ</span> <span class='ocrx_word' id='word_1_426' title='bbox 1353 5079 1422 5142; x_wconf 85' lang='lat' dir='ltr'>(nor.</span> <span class='ocrx_word' id='word_1_427' title='bbox 1438 5079 1464 5142; x_wconf 89' lang='lat'>6,</span> <span class='ocrx_word' id='word_1_428' title='bbox 1478 5079 1503 5140; x_wconf 87' lang='grc'>3,</span> <span class='ocrx_word' id='word_1_429' title='bbox 1518 5075 1556 5139; x_wconf 89' lang='lat' dir='ltr'>l):</span> <span class='ocrx_word' id='word_1_430' title='bbox 1580 5073 1681 5125; x_wconf 71' lang='lat' dir='ltr'>triburas</span> 
     </span>
     <span class='ocr_line' id='line_1_45' title="bbox 352 5169 1681 5242; baseline -0.011 -18"><span class='ocrx_word' id='word_1_431' title='bbox 352 5180 472 5225; x_wconf 81' lang='lat' dir='ltr'>vacantes</span> <span class='ocrx_word' id='word_1_432' title='bbox 490 5173 544 5224; x_wconf 83' lang='lat' dir='ltr'>siue</span> <span class='ocrx_word' id='word_1_433' title='bbox 561 5174 662 5225; x_wconf 83' lang='lat' dir='ltr'>comites</span> <span class='ocrx_word' id='word_1_434' title='bbox 680 5173 785 5228; x_wconf 80' lang='lat' dir='ltr'>secandi</span> <span class='ocrx_word' id='word_1_435' title='bbox 802 5175 843 5226; x_wconf 76' lang='lat' dir='ltr'>vet</span> <span class='ocrx_word' id='word_1_436' title='bbox 862 5175 930 5225; x_wconf 87' lang='lat' dir='ltr'>tertii</span> <span class='ocrx_word' id='word_1_437' title='bbox 948 5172 1047 5224; x_wconf 81' lang='lat' dir='ltr'>ordinis</span> <span class='ocrx_word' id='word_1_438' title='bbox 1066 5188 1193 5242; x_wconf 80' lang='lat' dir='ltr'>onrnesqae</span> <span class='ocrx_word' id='word_1_439' title='bbox 1211 5171 1368 5224; x_wconf 81' lang='lat' dir='ltr'>clarissimos</span> <span class='ocrx_word' id='word_1_440' title='bbox 1381 5173 1481 5223; x_wconf 82' lang='lat' dir='ltr'>tertiam</span> <span class='ocrx_word' id='word_1_441' title='bbox 1493 5177 1588 5238; x_wconf 77' lang='lat' dir='ltr'>purten</span> <span class='ocrx_word' id='word_1_442' title='bbox 1601 5169 1681 5217; x_wconf 72' lang='lat' dir='ltr'>tireio</span> 
     </span>
    </p>
   </div>
   <div class='ocr_carea' id='block_1_7' title="bbox 352 5266 633 5336">
    <p class='ocr_par' dir='ltr' id='par_1_10' title="bbox 352 5266 633 5336">
     <span class='ocr_line' id='line_1_46' title="bbox 352 5266 633 5336; baseline -0.007 -18"><span class='ocrx_word' id='word_1_443' title='bbox 352 5283 487 5336; x_wconf 72' lang='lat' dir='ltr'>aqnosoem</span> <span class='ocrx_word' id='word_1_444' title='bbox 507 5266 633 5334; x_wconf 85' lang='lat' dir='ltr'>(oportet).</span> 
     </span>
    </p>
   </div>
   <div class='ocr_carea' id='block_1_8' title="bbox 0 0 1766 5932">
    <p class='ocr_par' dir='ltr' id='par_1_11' title="bbox 0 0 1766 5932">
     <span class='ocr_line' id='line_1_47' title="bbox 0 0 1766 5932; baseline 0 10"><span class='ocrx_word' id='word_1_445' title='bbox 0 0 1766 5932; x_wconf 95' lang='lat' dir='ltr'> </span> 
     </span>
    </p>
   </div>
  </div>
 </body>
</html>
