<?xml version="1.0" encoding="UTF-8"?>
<!DOCTYPE html PUBLIC "-//W3C//DTD XHTML 1.0 Transitional//EN"
    "http://www.w3.org/TR/xhtml1/DTD/xhtml1-transitional.dtd">
<html xmlns="http://www.w3.org/1999/xhtml" xml:lang="en" lang="en">
 <head>
  <title>
</title>
<meta http-equiv="Content-Type" content="text/html;charset=utf-8" />
  <meta name='ocr-system' content='tesseract 3.04.00' />
  <meta name='ocr-capabilities' content='ocr_page ocr_carea ocr_par ocr_line ocrx_word'/>
</head>
<body>
  <div class='ocr_page' id='page_1' title='image "./ephemerisepigra16instgoog_0643.png"; bbox 0 0 3524 5932; ppageno 0'>
   <div class='ocr_carea' id='block_1_1' title="bbox 375 497 1129 570">
    <p class='ocr_par' dir='ltr' id='par_1_1' title="bbox 375 497 1129 570">
     <span class='ocr_line' id='line_1_1' title="bbox 375 497 1129 570; baseline -0.001 -2"><span class='ocrx_word' id='word_1_1' title='bbox 375 497 445 568; x_wconf 83' lang='grc'><strong>628</strong></span> <span class='ocrx_word' id='word_1_2' title='bbox 947 517 1129 570; x_wconf 79' lang='lat' dir='ltr'><strong>nouussu</strong></span> 
     </span>
    </p>
   </div>
   <div class='ocr_carea' id='block_1_2' title="bbox 364 689 1760 4140">
    <p class='ocr_par' dir='ltr' id='par_1_2' title="bbox 365 689 1760 2710">
     <span class='ocr_line' id='line_1_2' title="bbox 371 689 1691 769; baseline 0 -20"><span class='ocrx_word' id='word_1_3' title='bbox 371 692 523 750; x_wconf 83' lang='lat' dir='ltr'><strong>adnotatio</strong></span> <span class='ocrx_word' id='word_1_4' title='bbox 546 710 692 769; x_wconf 82' lang='lat' dir='ltr'><strong>nusquam</strong></span> <span class='ocrx_word' id='word_1_5' title='bbox 716 692 905 750; x_wconf 83' lang='lat' dir='ltr'><strong>adscribitur.</strong></span> <span class='ocrx_word' id='word_1_6' title='bbox 943 692 1039 750; x_wconf 88' lang='lat' dir='ltr'><strong>Immo</strong></span> <span class='ocrx_word' id='word_1_7' title='bbox 1062 691 1152 750; x_wconf 89' lang='lat' dir='ltr'><strong>verba</strong></span> <span class='ocrx_word' id='word_1_8' title='bbox 1173 709 1208 749; x_wconf 93' lang='lat' dir='ltr'><strong>eo</strong></span> <span class='ocrx_word' id='word_1_9' title='bbox 1231 691 1340 749; x_wconf 89' lang='lat' dir='ltr'><strong>ducunt</strong></span> <span class='ocrx_word' id='word_1_10' title='bbox 1361 689 1542 766; x_wconf 83' lang='lat' dir='ltr'><strong>peculiarem</strong></span> <span class='ocrx_word' id='word_1_11' title='bbox 1558 691 1691 767; x_wconf 89' lang='lat' dir='ltr'><strong>quandam</strong></span> 
     </span>
     <span class='ocr_line' id='line_1_3' title="bbox 370 793 1690 872; baseline -0.001 -21"><span class='ocrx_word' id='word_1_12' title='bbox 370 812 466 868; x_wconf 89' lang='lat' dir='ltr'><strong>neque</strong></span> <span class='ocrx_word' id='word_1_13' title='bbox 489 813 554 852; x_wconf 89' lang='lat' dir='ltr'><strong>cum</strong></span> <span class='ocrx_word' id='word_1_14' title='bbox 577 795 701 872; x_wconf 89' lang='lat' dir='ltr'><strong>reliquis</strong></span> <span class='ocrx_word' id='word_1_15' title='bbox 724 795 903 853; x_wconf 88' lang='lat' dir='ltr'><strong>officialibus</strong></span> <span class='ocrx_word' id='word_1_16' title='bbox 926 813 1112 854; x_wconf 87' lang='lat' dir='ltr'><strong>communem</strong></span> <span class='ocrx_word' id='word_1_17' title='bbox 1135 795 1281 870; x_wconf 83' lang='lat' dir='ltr'><strong>originem</strong></span> <span class='ocrx_word' id='word_1_18' title='bbox 1301 793 1445 871; x_wconf 88' lang='lat' dir='ltr'><strong>principis</strong></span> <span class='ocrx_word' id='word_1_19' title='bbox 1471 794 1510 852; x_wconf 88' lang='lat' dir='ltr'><strong>iis</strong></span> <span class='ocrx_word' id='word_1_20' title='bbox 1533 793 1690 868; x_wconf 87' lang='lat' dir='ltr'><strong>significari.</strong></span> 
     </span>
     <span class='ocr_line' id='line_1_4' title="bbox 370 895 1693 973; baseline 0 -20"><span class='ocrx_word' id='word_1_21' title='bbox 370 895 488 954; x_wconf 85' lang='lat' dir='ltr'><strong>Deinde</strong></span> <span class='ocrx_word' id='word_1_22' title='bbox 510 897 562 972; x_wconf 89' lang='lat' dir='ltr'><strong>qui</strong></span> <span class='ocrx_word' id='word_1_23' title='bbox 584 898 627 956; x_wconf 89' lang='lat' dir='ltr'><strong>ita</strong></span> <span class='ocrx_word' id='word_1_24' title='bbox 648 901 880 973; x_wconf 86' lang='lat' dir='ltr'><strong>interpretantur</strong></span> <span class='ocrx_word' id='word_1_25' title='bbox 903 896 1023 954; x_wconf 85' lang='lat' dir='ltr'><strong>videant</strong></span> <span class='ocrx_word' id='word_1_26' title='bbox 1044 914 1202 971; x_wconf 83' lang='lat' dir='ltr'><strong>quemnam</strong></span> <span class='ocrx_word' id='word_1_27' title='bbox 1224 896 1391 972; x_wconf 86' lang='lat' dir='ltr'><strong>principum</strong></span> <span class='ocrx_word' id='word_1_28' title='bbox 1411 895 1606 954; x_wconf 86' lang='lat' dir='ltr'><strong>creandorum</strong></span> <span class='ocrx_word' id='word_1_29' title='bbox 1624 895 1693 953; x_wconf 91' lang='lat' dir='ltr'><strong>ordi·</strong></span> 
     </span>
     <span class='ocr_line' id='line_1_5' title="bbox 371 998 1693 1077; baseline 0 -22"><span class='ocrx_word' id='word_1_30' title='bbox 371 1017 438 1055; x_wconf 91' lang='lat' dir='ltr'><strong>nem</strong></span> <span class='ocrx_word' id='word_1_31' title='bbox 462 998 600 1058; x_wconf 83' lang='lat' dir='ltr'><strong>efficiant.</strong></span> <span class='ocrx_word' id='word_1_32' title='bbox 640 998 760 1059; x_wconf 88' lang='lat' dir='ltr'><strong>Scilicet</strong></span> <span class='ocrx_word' id='word_1_33' title='bbox 780 1000 823 1056; x_wconf 90' lang='lat' dir='ltr'><strong>ita</strong></span> <span class='ocrx_word' id='word_1_34' title='bbox 845 1000 881 1058; x_wconf 94' lang='lat' dir='ltr'><strong>de</strong></span> <span class='ocrx_word' id='word_1_35' title='bbox 904 1000 1007 1058; x_wconf 88' lang='lat' dir='ltr'><strong>schola</strong></span> <span class='ocrx_word' id='word_1_36' title='bbox 1029 999 1179 1077; x_wconf 85' lang='lat' dir='ltr'><strong>agentium</strong></span> <span class='ocrx_word' id='word_1_37' title='bbox 1202 999 1232 1056; x_wconf 90' lang='lat' dir='ltr'><strong>in</strong></span> <span class='ocrx_word' id='word_1_38' title='bbox 1255 999 1343 1058; x_wconf 89' lang='lat' dir='ltr'><strong>rebus</strong></span> <span class='ocrx_word' id='word_1_39' title='bbox 1358 998 1523 1074; x_wconf 87' lang='lat' dir='ltr'><strong>principem</strong></span> <span class='ocrx_word' id='word_1_40' title='bbox 1539 998 1693 1074; x_wconf 85' lang='lat' dir='ltr'><strong>acciperent</strong></span> 
     </span>
     <span class='ocr_line' id='line_1_6' title="bbox 369 1099 1694 1178; baseline 0.002 -22"><span class='ocrx_word' id='word_1_41' title='bbox 369 1100 473 1159; x_wconf 89' lang='lat' dir='ltr'><strong>vicarii</strong></span> <span class='ocrx_word' id='word_1_42' title='bbox 496 1118 611 1173; x_wconf 91' lang='lat' dir='ltr'><strong>omnes,</strong></span> <span class='ocrx_word' id='word_1_43' title='bbox 635 1101 828 1178; x_wconf 85' lang='lat' dir='ltr'><strong>proconsules</strong></span> <span class='ocrx_word' id='word_1_44' title='bbox 850 1102 986 1160; x_wconf 88' lang='lat' dir='ltr'><strong>Achaiae</strong></span> <span class='ocrx_word' id='word_1_45' title='bbox 1008 1111 1038 1161; x_wconf 91' lang='lat' dir='ltr'><strong>et</strong></span> <span class='ocrx_word' id='word_1_46' title='bbox 1059 1101 1191 1174; x_wconf 86' lang='lat' dir='ltr'><strong>Africae,</strong></span> <span class='ocrx_word' id='word_1_47' title='bbox 1214 1118 1312 1158; x_wconf 89' lang='lat' dir='ltr'><strong>comes</strong></span> <span class='ocrx_word' id='word_1_48' title='bbox 1336 1101 1484 1177; x_wconf 82' lang='lat' dir='ltr'><strong>Aegypti,</strong></span> <span class='ocrx_word' id='word_1_49' title='bbox 1507 1099 1598 1159; x_wconf 86' lang='lat' dir='ltr'><strong>duces</strong></span> <span class='ocrx_word' id='word_1_50' title='bbox 1619 1101 1694 1177; x_wconf 86' lang='lat' dir='ltr'><strong>pleri-</strong></span> 
     </span>
     <span class='ocr_line' id='line_1_7' title="bbox 370 1200 1693 1280; baseline -0.001 -21"><span class='ocrx_word' id='word_1_51' title='bbox 370 1221 443 1277; x_wconf 89' lang='lat' dir='ltr'><strong>que;</strong></span> <span class='ocrx_word' id='word_1_52' title='bbox 467 1203 503 1260; x_wconf 91' lang='lat' dir='ltr'><strong>de</strong></span> <span class='ocrx_word' id='word_1_53' title='bbox 526 1221 581 1261; x_wconf 90' lang='lat' dir='ltr'><strong>suo</strong></span> <span class='ocrx_word' id='word_1_54' title='bbox 606 1215 703 1262; x_wconf 91' lang='lat' dir='ltr'><strong>autem</strong></span> <span class='ocrx_word' id='word_1_55' title='bbox 721 1205 819 1262; x_wconf 85' lang='lat' dir='ltr'><strong>officio</strong></span> <span class='ocrx_word' id='word_1_56' title='bbox 836 1205 995 1280; x_wconf 92' lang='lat' dir='ltr'><strong>proconsul</strong></span> <span class='ocrx_word' id='word_1_57' title='bbox 1010 1204 1115 1275; x_wconf 89' lang='lat' dir='ltr'><strong>Asiae,</strong></span> <span class='ocrx_word' id='word_1_58' title='bbox 1137 1202 1292 1280; x_wconf 85' lang='lat' dir='ltr'><strong>praesides</strong></span> <span class='ocrx_word' id='word_1_59' title='bbox 1308 1220 1422 1275; x_wconf 88' lang='lat' dir='ltr'><strong>omnes,</strong></span> <span class='ocrx_word' id='word_1_60' title='bbox 1445 1220 1546 1261; x_wconf 89' lang='lat' dir='ltr'><strong>comes</strong></span> <span class='ocrx_word' id='word_1_61' title='bbox 1561 1200 1693 1272; x_wconf 84' lang='lat' dir='ltr'><strong>Isauriae,</strong></span> 
     </span>
     <span class='ocr_line' id='line_1_8' title="bbox 369 1303 1692 1382; baseline 0 -20"><span class='ocrx_word' id='word_1_62' title='bbox 369 1323 407 1362; x_wconf 85' lang='lat' dir='ltr'><strong>ex</strong></span> <span class='ocrx_word' id='word_1_63' title='bbox 429 1303 553 1364; x_wconf 86' lang='lat' dir='ltr'><strong>ducibus</strong></span> <span class='ocrx_word' id='word_1_64' title='bbox 577 1315 659 1377; x_wconf 89' lang='lat' dir='ltr'><strong>octo,</strong></span> <span class='ocrx_word' id='word_1_65' title='bbox 689 1317 720 1365; x_wconf 89' lang='lat' dir='ltr'><strong>ut</strong></span> <span class='ocrx_word' id='word_1_66' title='bbox 742 1307 826 1365; x_wconf 90' lang='lat' dir='ltr'><strong>nulla</strong></span> <span class='ocrx_word' id='word_1_67' title='bbox 847 1315 928 1365; x_wconf 87' lang='lat' dir='ltr'><strong>certa</strong></span> <span class='ocrx_word' id='word_1_68' title='bbox 949 1306 997 1364; x_wconf 90' lang='lat' dir='ltr'><strong>lex</strong></span> <span class='ocrx_word' id='word_1_69' title='bbox 1024 1325 1119 1382; x_wconf 91' lang='lat' dir='ltr'><strong>usque</strong></span> <span class='ocrx_word' id='word_1_70' title='bbox 1146 1323 1264 1381; x_wconf 89' lang='lat' dir='ltr'><strong>quaque</strong></span> <span class='ocrx_word' id='word_1_71' title='bbox 1290 1304 1541 1382; x_wconf 88' lang='lat' dir='ltr'><strong>deprehendatur.</strong></span> <span class='ocrx_word' id='word_1_72' title='bbox 1589 1303 1692 1362; x_wconf 90' lang='lat' dir='ltr'><strong>Deinde</strong></span> 
     </span>
     <span class='ocr_line' id='line_1_9' title="bbox 368 1403 1692 1487; baseline 0.001 -24"><span class='ocrx_word' id='word_1_73' title='bbox 368 1407 534 1482; x_wconf 87' lang='lat' dir='ltr'><strong>praemium</strong></span> <span class='ocrx_word' id='word_1_74' title='bbox 561 1409 641 1483; x_wconf 92' lang='lat' dir='ltr'><strong>quod</strong></span> <span class='ocrx_word' id='word_1_75' title='bbox 667 1409 894 1487; x_wconf 86' lang='lat' dir='ltr'><strong>subiungitur¹)</strong></span> <span class='ocrx_word' id='word_1_76' title='bbox 923 1409 1012 1466; x_wconf 92' lang='lat' dir='ltr'><strong>modo</strong></span> <span class='ocrx_word' id='word_1_77' title='bbox 1037 1403 1174 1466; x_wconf 89' lang='lat' dir='ltr'><strong>‘adorata</strong></span> <span class='ocrx_word' id='word_1_78' title='bbox 1199 1407 1356 1466; x_wconf 88' lang='lat' dir='ltr'><strong>clementia</strong></span> <span class='ocrx_word' id='word_1_79' title='bbox 1383 1405 1541 1484; x_wconf 90' lang='lat' dir='ltr'><strong>principali</strong></span> <span class='ocrx_word' id='word_1_80' title='bbox 1567 1425 1630 1464; x_wconf 87' lang='lat' dir='ltr'><strong>eum</strong></span> <span class='ocrx_word' id='word_1_81' title='bbox 1654 1407 1692 1464; x_wconf 91' lang='lat' dir='ltr'><strong>in·</strong></span> 
     </span>
     <span class='ocr_line' id='line_1_10' title="bbox 367 1503 1691 1587; baseline 0 -22"><span class='ocrx_word' id='word_1_82' title='bbox 367 1509 501 1586; x_wconf 84' lang='lat' dir='ltr'><strong>signibus</strong></span> <span class='ocrx_word' id='word_1_83' title='bbox 524 1510 587 1567; x_wconf 84' lang='lat' dir='ltr'><strong>exit</strong></span> <span class='ocrx_word' id='word_1_84' title='bbox 612 1520 762 1569; x_wconf 88' lang='lat' dir='ltr'><strong>transacto</strong></span> <span class='ocrx_word' id='word_1_85' title='bbox 789 1505 932 1582; x_wconf 86' lang='lat' dir='ltr'><strong>biennio’‚</strong></span> <span class='ocrx_word' id='word_1_86' title='bbox 964 1511 1054 1568; x_wconf 93' lang='lat' dir='ltr'><strong>modo</strong></span> <span class='ocrx_word' id='word_1_87' title='bbox 1079 1507 1243 1587; x_wconf 83' lang='lat' dir='ltr'><strong>‘completa</strong></span> <span class='ocrx_word' id='word_1_88' title='bbox 1269 1508 1375 1568; x_wconf 87' lang='lat' dir='ltr'><strong>militia</strong></span> <span class='ocrx_word' id='word_1_89' title='bbox 1400 1510 1506 1568; x_wconf 91' lang='lat' dir='ltr'><strong>adorat</strong></span> <span class='ocrx_word' id='word_1_90' title='bbox 1533 1503 1691 1586; x_wconf 78' lang='lat' dir='ltr'><strong>protector’‚</strong></span> 
     </span>
     <span class='ocr_line' id='line_1_11' title="bbox 366 1611 1689 1690; baseline -0.001 -22"><span class='ocrx_word' id='word_1_91' title='bbox 366 1619 467 1688; x_wconf 88' lang='lat' dir='ltr'><strong>aperte</strong></span> <span class='ocrx_word' id='word_1_92' title='bbox 489 1611 567 1669; x_wconf 91' lang='lat' dir='ltr'><strong>idem</strong></span> <span class='ocrx_word' id='word_1_93' title='bbox 590 1621 651 1684; x_wconf 87' lang='lat' dir='ltr'><strong>est,</strong></span> <span class='ocrx_word' id='word_1_94' title='bbox 682 1623 711 1671; x_wconf 89' lang='lat' dir='ltr'><strong>et</strong></span> <span class='ocrx_word' id='word_1_95' title='bbox 733 1622 801 1690; x_wconf 90' lang='lat' dir='ltr'><strong>apte</strong></span> <span class='ocrx_word' id='word_1_96' title='bbox 824 1615 944 1671; x_wconf 91' lang='lat' dir='ltr'><strong>omnino</strong></span> <span class='ocrx_word' id='word_1_97' title='bbox 971 1629 1064 1689; x_wconf 86' lang='lat' dir='ltr'><strong>agens</strong></span> <span class='ocrx_word' id='word_1_98' title='bbox 1090 1613 1120 1669; x_wconf 93' lang='lat' dir='ltr'><strong>in</strong></span> <span class='ocrx_word' id='word_1_99' title='bbox 1147 1612 1236 1671; x_wconf 91' lang='lat' dir='ltr'><strong>rebus</strong></span> <span class='ocrx_word' id='word_1_100' title='bbox 1262 1630 1316 1687; x_wconf 89' lang='lat' dir='ltr'><strong>per</strong></span> <span class='ocrx_word' id='word_1_101' title='bbox 1342 1613 1544 1688; x_wconf 89' lang='lat' dir='ltr'><strong>principatum</strong></span> <span class='ocrx_word' id='word_1_102' title='bbox 1571 1611 1608 1669; x_wconf 85' lang='lat' dir='ltr'><strong>ad</strong></span> <span class='ocrx_word' id='word_1_103' title='bbox 1632 1631 1689 1687; x_wconf 87' lang='lat' dir='ltr'><strong>pro·</strong></span> 
     </span>
     <span class='ocr_line' id='line_1_12' title="bbox 366 1712 1688 1791; baseline 0 -22"><span class='ocrx_word' id='word_1_104' title='bbox 366 1714 521 1772; x_wconf 88' lang='lat' dir='ltr'><strong>tectoriam</strong></span> <span class='ocrx_word' id='word_1_105' title='bbox 544 1714 717 1791; x_wconf 89' lang='lat' dir='ltr'><strong>dignitatem</strong></span> <span class='ocrx_word' id='word_1_106' title='bbox 740 1715 895 1774; x_wconf 89' lang='lat' dir='ltr'><strong>adscendit</strong></span> <span class='ocrx_word' id='word_1_107' title='bbox 922 1714 1005 1789; x_wconf 86' lang='lat' dir='ltr'><strong>(vide</strong></span> <span class='ocrx_word' id='word_1_108' title='bbox 1031 1731 1123 1790; x_wconf 85' lang='lat' dir='ltr'><strong>supra</strong></span> <span class='ocrx_word' id='word_1_109' title='bbox 1144 1733 1173 1790; x_wconf 91' lang='lat' dir='ltr'><strong>p.</strong></span> <span class='ocrx_word' id='word_1_110' title='bbox 1190 1714 1278 1789; x_wconf 88' lang='lat'>134);</span> <span class='ocrx_word' id='word_1_111' title='bbox 1313 1724 1343 1771; x_wconf 87' lang='lat' dir='ltr'><strong>at</strong></span> <span class='ocrx_word' id='word_1_112' title='bbox 1368 1715 1451 1788; x_wconf 88' lang='lat' dir='ltr'><strong>prior</strong></span> <span class='ocrx_word' id='word_1_113' title='bbox 1477 1712 1606 1772; x_wconf 83' lang='lat' dir='ltr'><strong>formula</strong></span> <span class='ocrx_word' id='word_1_114' title='bbox 1629 1730 1688 1772; x_wconf 89' lang='lat' dir='ltr'><strong>con·</strong></span> 
     </span>
     <span class='ocr_line' id='line_1_13' title="bbox 365 1811 1688 1895; baseline -0.002 -22"><span class='ocrx_word' id='word_1_115' title='bbox 365 1817 465 1874; x_wconf 86' lang='lat' dir='ltr'><strong>iuncta</strong></span> <span class='ocrx_word' id='word_1_116' title='bbox 487 1817 637 1875; x_wconf 85' lang='lat' dir='ltr'><strong>invenitur</strong></span> <span class='ocrx_word' id='word_1_117' title='bbox 659 1837 726 1876; x_wconf 89' lang='lat' dir='ltr'><strong>eum</strong></span> <span class='ocrx_word' id='word_1_118' title='bbox 749 1817 883 1894; x_wconf 90' lang='lat' dir='ltr'><strong>principe</strong></span> <span class='ocrx_word' id='word_1_119' title='bbox 908 1812 1027 1895; x_wconf 87' lang='lat' dir='ltr'><strong>‘agente</strong></span> <span class='ocrx_word' id='word_1_120' title='bbox 1048 1817 1079 1874; x_wconf 94' lang='lat' dir='ltr'><strong>in</strong></span> <span class='ocrx_word' id='word_1_121' title='bbox 1102 1811 1212 1886; x_wconf 86' lang='lat' dir='ltr'><strong>rebus’‚</strong></span> <span class='ocrx_word' id='word_1_122' title='bbox 1243 1815 1393 1891; x_wconf 89' lang='lat' dir='ltr'><strong>posterior</strong></span> <span class='ocrx_word' id='word_1_123' title='bbox 1414 1834 1482 1874; x_wconf 91' lang='lat' dir='ltr'><strong>cum</strong></span> <span class='ocrx_word' id='word_1_124' title='bbox 1503 1815 1633 1892; x_wconf 88' lang='lat' dir='ltr'><strong>principe</strong></span> <span class='ocrx_word' id='word_1_125' title='bbox 1650 1813 1688 1872; x_wconf 85' lang='lat' dir='ltr'><strong>&#39;de</strong></span> 
     </span>
     <span class='ocr_line' id='line_1_14' title="bbox 366 1914 1687 1996; baseline 0.001 -22"><span class='ocrx_word' id='word_1_126' title='bbox 366 1917 470 1975; x_wconf 90' lang='lat' dir='ltr'><strong>eodem</strong></span> <span class='ocrx_word' id='word_1_127' title='bbox 498 1914 622 1990; x_wconf 64' lang='lat' dir='ltr'><strong>officio,</strong></span> <span class='ocrx_word' id='word_1_128' title='bbox 653 1938 707 1978; x_wconf 91' lang='lat' dir='ltr'><strong>nec</strong></span> <span class='ocrx_word' id='word_1_129' title='bbox 733 1929 805 1995; x_wconf 91' lang='lat' dir='ltr'><strong>puto</strong></span> <span class='ocrx_word' id='word_1_130' title='bbox 833 1920 991 1996; x_wconf 84' lang='lat' dir='ltr'><strong>quisquam</strong></span> <span class='ocrx_word' id='word_1_131' title='bbox 1022 1918 1159 1977; x_wconf 84' lang='lat' dir='ltr'><strong>admittet</strong></span> <span class='ocrx_word' id='word_1_132' title='bbox 1186 1917 1310 1976; x_wconf 90' lang='lat' dir='ltr'><strong>eundem</strong></span> <span class='ocrx_word' id='word_1_133' title='bbox 1337 1918 1481 1976; x_wconf 89' lang='lat' dir='ltr'><strong>honorem</strong></span> <span class='ocrx_word' id='word_1_134' title='bbox 1511 1917 1611 1976; x_wconf 84' lang='lat' dir='ltr'><strong>haberi</strong></span> <span class='ocrx_word' id='word_1_135' title='bbox 1636 1927 1687 1975; x_wconf 88' lang='lat' dir='ltr'><strong>tam</strong></span> 
     </span>
     <span class='ocr_line' id='line_1_15' title="bbox 365 2019 1686 2098; baseline 0 -22"><span class='ocrx_word' id='word_1_136' title='bbox 365 2019 495 2096; x_wconf 89' lang='lat' dir='ltr'><strong>principi</strong></span> <span class='ocrx_word' id='word_1_137' title='bbox 523 2021 656 2096; x_wconf 84' lang='lat' dir='ltr'><strong>profecto</strong></span> <span class='ocrx_word' id='word_1_138' title='bbox 686 2041 723 2079; x_wconf 85' lang='lat' dir='ltr'><strong>ex</strong></span> <span class='ocrx_word' id='word_1_139' title='bbox 750 2022 907 2098; x_wconf 89' lang='lat' dir='ltr'><strong>agentibus</strong></span> <span class='ocrx_word' id='word_1_140' title='bbox 936 2021 967 2078; x_wconf 90' lang='lat' dir='ltr'><strong>in</strong></span> <span class='ocrx_word' id='word_1_141' title='bbox 998 2021 1086 2079; x_wconf 89' lang='lat' dir='ltr'><strong>rebus</strong></span> <span class='ocrx_word' id='word_1_142' title='bbox 1113 2039 1202 2097; x_wconf 88' lang='lat' dir='ltr'><strong>quam</strong></span> <span class='ocrx_word' id='word_1_143' title='bbox 1231 2027 1350 2096; x_wconf 87' lang='lat' dir='ltr'><strong>sumpto</strong></span> <span class='ocrx_word' id='word_1_144' title='bbox 1384 2037 1422 2078; x_wconf 85' lang='lat' dir='ltr'><strong>ex</strong></span> <span class='ocrx_word' id='word_1_145' title='bbox 1449 2020 1686 2078; x_wconf 86' lang='lat' dir='ltr'><strong>cohortalinorum</strong></span> 
     </span>
     <span class='ocr_line' id='line_1_16' title="bbox 366 2117 1686 2200; baseline 0 -22"><span class='ocrx_word' id='word_1_146' title='bbox 366 2120 468 2196; x_wconf 90' lang='lat' dir='ltr'><strong>aliquo</strong></span> <span class='ocrx_word' id='word_1_147' title='bbox 496 2122 588 2180; x_wconf 86' lang='lat' dir='ltr'><strong>infimi</strong></span> <span class='ocrx_word' id='word_1_148' title='bbox 618 2123 740 2181; x_wconf 87' lang='lat' dir='ltr'><strong>honoris</strong></span> <span class='ocrx_word' id='word_1_149' title='bbox 771 2141 904 2198; x_wconf 89' lang='lat' dir='ltr'><strong>corpore.</strong></span> <span class='ocrx_word' id='word_1_150' title='bbox 955 2123 1061 2200; x_wconf 90' lang='lat' dir='ltr'><strong>Itaque</strong></span> <span class='ocrx_word' id='word_1_151' title='bbox 1089 2121 1279 2181; x_wconf 89' lang='lat' dir='ltr'><strong>statuendum</strong></span> <span class='ocrx_word' id='word_1_152' title='bbox 1308 2129 1355 2179; x_wconf 91' lang='lat' dir='ltr'><strong>est</strong></span> <span class='ocrx_word' id='word_1_153' title='bbox 1381 2121 1510 2180; x_wconf 80' lang='lat' dir='ltr'><strong>formula</strong></span> <span class='ocrx_word' id='word_1_154' title='bbox 1533 2117 1577 2179; x_wconf 91' lang='lat' dir='ltr'><strong>‘de</strong></span> <span class='ocrx_word' id='word_1_155' title='bbox 1597 2121 1686 2179; x_wconf 86' lang='lat' dir='ltr'><strong>eodem</strong></span> 
     </span>
     <span class='ocr_line' id='line_1_17' title="bbox 366 2218 1687 2300; baseline 0 -20"><span class='ocrx_word' id='word_1_156' title='bbox 366 2218 478 2282; x_wconf 86' lang='lat' dir='ltr'><strong>officio’</strong></span> <span class='ocrx_word' id='word_1_157' title='bbox 499 2225 529 2281; x_wconf 92' lang='lat' dir='ltr'><strong>in</strong></span> <span class='ocrx_word' id='word_1_158' title='bbox 545 2222 663 2283; x_wconf 91' lang='lat' dir='ltr'><strong>Notitia</strong></span> <span class='ocrx_word' id='word_1_159' title='bbox 680 2225 867 2300; x_wconf 79' lang='lat' dir='ltr'><strong>DIgnitatum</strong></span> <span class='ocrx_word' id='word_1_160' title='bbox 890 2225 1033 2284; x_wconf 89' lang='lat' dir='ltr'><strong>relatione</strong></span> <span class='ocrx_word' id='word_1_161' title='bbox 1054 2225 1135 2283; x_wconf 82' lang='lat' dir='ltr'><strong>iacta</strong></span> <span class='ocrx_word' id='word_1_162' title='bbox 1158 2224 1195 2282; x_wconf 92' lang='lat' dir='ltr'><strong>ad</strong></span> <span class='ocrx_word' id='word_1_163' title='bbox 1218 2243 1345 2300; x_wconf 86' lang='lat' dir='ltr'><strong>eaquae</strong></span> <span class='ocrx_word' id='word_1_164' title='bbox 1360 2223 1585 2300; x_wconf 88' lang='lat' dir='ltr'><strong>praeceduntid</strong></span> <span class='ocrx_word' id='word_1_165' title='bbox 1600 2225 1687 2299; x_wconf 88' lang='lat' dir='ltr'><strong>ipsum</strong></span> 
     </span>
     <span class='ocr_line' id='line_1_18' title="bbox 366 2321 1686 2403; baseline -0.001 -20"><span class='ocrx_word' id='word_1_166' title='bbox 366 2325 528 2402; x_wconf 86' lang='lat' dir='ltr'><strong>significari</strong></span> <span class='ocrx_word' id='word_1_167' title='bbox 552 2326 630 2402; x_wconf 90' lang='lat' dir='ltr'><strong>quod</strong></span> <span class='ocrx_word' id='word_1_168' title='bbox 653 2326 821 2402; x_wconf 87' lang='lat' dir='ltr'><strong>significant</strong></span> <span class='ocrx_word' id='word_1_169' title='bbox 843 2329 933 2386; x_wconf 87' lang='lat' dir='ltr'><strong>verba</strong></span> <span class='ocrx_word' id='word_1_170' title='bbox 957 2323 1001 2384; x_wconf 88' lang='lat' dir='ltr'><strong>‘de</strong></span> <span class='ocrx_word' id='word_1_171' title='bbox 1024 2327 1127 2385; x_wconf 89' lang='lat' dir='ltr'><strong>schola</strong></span> <span class='ocrx_word' id='word_1_172' title='bbox 1148 2327 1299 2403; x_wconf 89' lang='lat' dir='ltr'><strong>agentium</strong></span> <span class='ocrx_word' id='word_1_173' title='bbox 1321 2326 1351 2383; x_wconf 92' lang='lat' dir='ltr'><strong>in</strong></span> <span class='ocrx_word' id='word_1_174' title='bbox 1374 2321 1475 2384; x_wconf 88' lang='lat' dir='ltr'><strong>rebus’</strong></span> <span class='ocrx_word' id='word_1_175' title='bbox 1498 2337 1528 2386; x_wconf 91' lang='lat' dir='ltr'><strong>et</strong></span> <span class='ocrx_word' id='word_1_176' title='bbox 1549 2325 1604 2384; x_wconf 89' lang='lat' dir='ltr'><strong>hoc</strong></span> <span class='ocrx_word' id='word_1_177' title='bbox 1625 2345 1686 2401; x_wconf 83' lang='lat' dir='ltr'><strong>quo</strong></span> 
     </span>
     <span class='ocr_line' id='line_1_19' title="bbox 366 2426 1687 2504; baseline 0 -20"><span class='ocrx_word' id='word_1_178' title='bbox 366 2447 422 2503; x_wconf 91' lang='lat' dir='ltr'><strong>que</strong></span> <span class='ocrx_word' id='word_1_179' title='bbox 445 2427 614 2487; x_wconf 90' lang='lat' dir='ltr'><strong>addendum</strong></span> <span class='ocrx_word' id='word_1_180' title='bbox 636 2428 673 2487; x_wconf 90' lang='lat' dir='ltr'><strong>ad</strong></span> <span class='ocrx_word' id='word_1_181' title='bbox 696 2429 755 2488; x_wconf 90' lang='lat' dir='ltr'><strong>alia</strong></span> <span class='ocrx_word' id='word_1_182' title='bbox 777 2429 872 2487; x_wconf 87' lang='lat' dir='ltr'><strong>multa</strong></span> <span class='ocrx_word' id='word_1_183' title='bbox 893 2429 1127 2504; x_wconf 86' lang='lat' dir='ltr'><strong>perturbationis</strong></span> <span class='ocrx_word' id='word_1_184' title='bbox 1150 2437 1179 2486; x_wconf 92' lang='lat' dir='ltr'><strong>et</strong></span> <span class='ocrx_word' id='word_1_185' title='bbox 1201 2427 1416 2487; x_wconf 87' lang='lat' dir='ltr'><strong>emendationis</strong></span> <span class='ocrx_word' id='word_1_186' title='bbox 1438 2427 1549 2486; x_wconf 86' lang='lat' dir='ltr'><strong>indicia</strong></span> <span class='ocrx_word' id='word_1_187' title='bbox 1571 2448 1620 2504; x_wconf 92' lang='lat' dir='ltr'><strong>per</strong></span> <span class='ocrx_word' id='word_1_188' title='bbox 1634 2426 1687 2486; x_wconf 84' lang='lat' dir='ltr'><strong>No·</strong></span> 
     </span>
     <span class='ocr_line' id='line_1_20' title="bbox 365 2509 1760 2607; baseline 0 -22"><span class='ocrx_word' id='word_1_189' title='bbox 365 2529 462 2586; x_wconf 86' lang='lat' dir='ltr'><strong>titiam</strong></span> <span class='ocrx_word' id='word_1_190' title='bbox 484 2529 631 2607; x_wconf 85' lang='lat' dir='ltr'><strong>dispersa,</strong></span> <span class='ocrx_word' id='word_1_191' title='bbox 653 2531 734 2607; x_wconf 92' lang='lat' dir='ltr'><strong>quod</strong></span> <span class='ocrx_word' id='word_1_192' title='bbox 755 2509 885 2589; x_wconf 84' lang='lat' dir='ltr'><strong>formula</strong></span> <span class='ocrx_word' id='word_1_193' title='bbox 903 2527 950 2588; x_wconf 75' lang='lat' dir='ltr'><strong>‘de</strong></span> <span class='ocrx_word' id='word_1_194' title='bbox 972 2531 1077 2590; x_wconf 90' lang='lat' dir='ltr'><strong>eodem</strong></span> <span class='ocrx_word' id='word_1_195' title='bbox 1101 2526 1213 2589; x_wconf 84' lang='lat' dir='ltr'><strong>officio&#39;</strong></span> <span class='ocrx_word' id='word_1_196' title='bbox 1236 2532 1331 2589; x_wconf 88' lang='lat' dir='ltr'><strong>trihus</strong></span> <span class='ocrx_word' id='word_1_197' title='bbox 1354 2529 1429 2589; x_wconf 90' lang='lat' dir='ltr'><strong>locis</strong></span> <span class='ocrx_word' id='word_1_198' title='bbox 1450 2530 1512 2588; x_wconf 88' lang='lat' dir='ltr'><strong>iam</strong></span> <span class='ocrx_word' id='word_1_199' title='bbox 1533 2531 1686 2588; x_wconf 78' lang='lat' dir='ltr'><strong>nonhabet</strong></span> <span class='ocrx_word' id='word_1_200' title='bbox 1759 2567 1760 2578; x_wconf 77' lang='lat'><strong>.</strong></span> 
     </span>
     <span class='ocr_line' id='line_1_21' title="bbox 365 2619 1760 2710; baseline 0.007 -22"><span class='ocrx_word' id='word_1_201' title='bbox 365 2650 425 2706; x_wconf 91' lang='lat' dir='ltr'><strong>quo</strong></span> <span class='ocrx_word' id='word_1_202' title='bbox 447 2641 515 2706; x_wconf 89' lang='lat' dir='ltr'><strong>apte</strong></span> <span class='ocrx_word' id='word_1_203' title='bbox 537 2631 692 2690; x_wconf 87' lang='lat' dir='ltr'><strong>referatur.</strong></span> <span class='ocrx_word' id='word_1_204' title='bbox 806 2703 814 2710; x_wconf 88' lang='lat'><strong>.</strong></span> <span class='ocrx_word' id='word_1_205' title='bbox 1759 2619 1760 2644; x_wconf 42' lang='lat'>¹</span> 
     </span>
    </p>

    <p class='ocr_par' dir='ltr' id='par_1_3' title="bbox 364 2731 1759 4140">
     <span class='ocr_line' id='line_1_22' title="bbox 407 2731 1687 2812; baseline 0.002 -22"><span class='ocrx_word' id='word_1_206' title='bbox 407 2732 474 2791; x_wconf 92' lang='lat' dir='ltr'><strong>Hoc</strong></span> <span class='ocrx_word' id='word_1_207' title='bbox 495 2733 629 2792; x_wconf 88' lang='lat' dir='ltr'><strong>admisso</strong></span> <span class='ocrx_word' id='word_1_208' title='bbox 650 2731 768 2794; x_wconf 88' lang='lat' dir='ltr'><strong>Notitia</strong></span> <span class='ocrx_word' id='word_1_209' title='bbox 787 2735 952 2812; x_wconf 88' lang='lat' dir='ltr'><strong>Dignitatis</strong></span> <span class='ocrx_word' id='word_1_210' title='bbox 973 2735 1103 2794; x_wconf 87' lang='lat' dir='ltr'><strong>Orientis</strong></span> <span class='ocrx_word' id='word_1_211' title='bbox 1126 2735 1206 2811; x_wconf 87' lang='lat' dir='ltr'><strong>quod</strong></span> <span class='ocrx_word' id='word_1_212' title='bbox 1227 2735 1266 2793; x_wconf 90' lang='lat' dir='ltr'><strong>ad</strong></span> <span class='ocrx_word' id='word_1_213' title='bbox 1287 2735 1452 2810; x_wconf 91' lang='lat' dir='ltr'><strong>principem</strong></span> <span class='ocrx_word' id='word_1_214' title='bbox 1475 2737 1592 2806; x_wconf 77' lang='lat' dir='ltr'><strong>attinet,</strong></span> <span class='ocrx_word' id='word_1_215' title='bbox 1612 2733 1687 2812; x_wconf 87' lang='lat' dir='ltr'><strong>plane</strong></span> 
     </span>
     <span class='ocr_line' id='line_1_23' title="bbox 365 2835 1686 2914; baseline 0 -20"><span class='ocrx_word' id='word_1_216' title='bbox 365 2835 562 2910; x_wconf 89' lang='lat' dir='ltr'><strong>aequabiliter</strong></span> <span class='ocrx_word' id='word_1_217' title='bbox 584 2836 722 2895; x_wconf 90' lang='lat' dir='ltr'><strong>decurrit.</strong></span> <span class='ocrx_word' id='word_1_218' title='bbox 762 2836 856 2898; x_wconf 90' lang='lat' dir='ltr'><strong>Secus</strong></span> <span class='ocrx_word' id='word_1_219' title='bbox 880 2847 926 2896; x_wconf 91' lang='lat' dir='ltr'><strong>est</strong></span> <span class='ocrx_word' id='word_1_220' title='bbox 947 2837 977 2895; x_wconf 91' lang='lat' dir='ltr'><strong>in</strong></span> <span class='ocrx_word' id='word_1_221' title='bbox 994 2837 1169 2897; x_wconf 87' lang='lat' dir='ltr'><strong>Occidente:</strong></span> <span class='ocrx_word' id='word_1_222' title='bbox 1193 2837 1234 2896; x_wconf 91' lang='lat' dir='ltr'><strong>ibi</strong></span> <span class='ocrx_word' id='word_1_223' title='bbox 1256 2838 1334 2895; x_wconf 90' lang='lat' dir='ltr'><strong>enim</strong></span> <span class='ocrx_word' id='word_1_224' title='bbox 1349 2838 1542 2914; x_wconf 85' lang='lat' dir='ltr'><strong>magistratus</strong></span> <span class='ocrx_word' id='word_1_225' title='bbox 1557 2837 1686 2895; x_wconf 84' lang='lat' dir='ltr'><strong>militares</strong></span> 
     </span>
     <span class='ocr_line' id='line_1_24' title="bbox 365 2937 1686 3017; baseline 0.002 -23"><span class='ocrx_word' id='word_1_226' title='bbox 365 2937 599 3014; x_wconf 85' lang='lat' dir='ltr'><strong>provinciarum,</strong></span> <span class='ocrx_word' id='word_1_227' title='bbox 623 2939 737 2998; x_wconf 90' lang='lat' dir='ltr'><strong>scilicet</strong></span> <span class='ocrx_word' id='word_1_228' title='bbox 758 2941 903 3017; x_wconf 90' lang='lat' dir='ltr'><strong>magister</strong></span> <span class='ocrx_word' id='word_1_229' title='bbox 924 2940 1055 3015; x_wconf 89' lang='lat' dir='ltr'><strong>equitum</strong></span> <span class='ocrx_word' id='word_1_230' title='bbox 1078 2960 1132 3016; x_wconf 92' lang='lat' dir='ltr'><strong>pcr</strong></span> <span class='ocrx_word' id='word_1_231' title='bbox 1155 2937 1288 3012; x_wconf 86' lang='lat' dir='ltr'><strong>Gallias,</strong></span> <span class='ocrx_word' id='word_1_232' title='bbox 1317 2940 1441 2998; x_wconf 89' lang='lat' dir='ltr'><strong>comites</strong></span> <span class='ocrx_word' id='word_1_233' title='bbox 1464 2957 1583 3010; x_wconf 89' lang='lat' dir='ltr'><strong>omnes,</strong></span> <span class='ocrx_word' id='word_1_234' title='bbox 1608 2940 1686 2996; x_wconf 85' lang='lat' dir='ltr'><strong>duces</strong></span> 
     </span>
     <span class='ocr_line' id='line_1_25' title="bbox 366 3039 1687 3119; baseline -0.002 -21"><span class='ocrx_word' id='word_1_235' title='bbox 366 3039 500 3116; x_wconf 85' lang='lat' dir='ltr'><strong>exceptis</strong></span> <span class='ocrx_word' id='word_1_236' title='bbox 532 3039 625 3098; x_wconf 90' lang='lat' dir='ltr'><strong>tribus</strong></span> <span class='ocrx_word' id='word_1_237' title='bbox 654 3040 876 3100; x_wconf 88' lang='lat' dir='ltr'><strong>Pannoniarum</strong></span> <span class='ocrx_word' id='word_1_238' title='bbox 909 3042 1034 3100; x_wconf 87' lang='lat' dir='ltr'><strong>duarum</strong></span> <span class='ocrx_word' id='word_1_239' title='bbox 1065 3051 1094 3099; x_wconf 91' lang='lat' dir='ltr'><strong>et</strong></span> <span class='ocrx_word' id='word_1_240' title='bbox 1120 3039 1314 3117; x_wconf 71' lang='lat' dir='ltr'><strong>Valeriael),</strong></span> <span class='ocrx_word' id='word_1_241' title='bbox 1354 3041 1519 3118; x_wconf 88' lang='lat' dir='ltr'><strong>principem</strong></span> <span class='ocrx_word' id='word_1_242' title='bbox 1552 3041 1687 3119; x_wconf 86' lang='lat' dir='ltr'><strong>accipiunt</strong></span> 
     </span>
     <span class='ocr_line' id='line_1_26' title="bbox 366 3139 1686 3221; baseline 0.001 -22"><span class='ocrx_word' id='word_1_243' title='bbox 366 3160 427 3200; x_wconf 91' lang='lat' dir='ltr'><strong>non</strong></span> <span class='ocrx_word' id='word_1_244' title='bbox 449 3160 467 3200; x_wconf 90' lang='lat' dir='ltr'><strong>a</strong></span> <span class='ocrx_word' id='word_1_245' title='bbox 493 3141 637 3217; x_wconf 86' lang='lat' dir='ltr'><strong>magistro</strong></span> <span class='ocrx_word' id='word_1_246' title='bbox 663 3141 844 3215; x_wconf 88' lang='lat' dir='ltr'><strong>ciliciorum,</strong></span> <span class='ocrx_word' id='word_1_247' title='bbox 880 3144 932 3202; x_wconf 91' lang='lat' dir='ltr'><strong>sed</strong></span> <span class='ocrx_word' id='word_1_248' title='bbox 958 3139 1006 3202; x_wconf 79' lang='lat' dir='ltr'><strong>‘ex</strong></span> <span class='ocrx_word' id='word_1_249' title='bbox 1032 3143 1139 3203; x_wconf 82' lang='lat' dir='ltr'><strong>officiis</strong></span> <span class='ocrx_word' id='word_1_250' title='bbox 1166 3143 1377 3221; x_wconf 88' lang='lat' dir='ltr'><strong>magistrorum</strong></span> <span class='ocrx_word' id='word_1_251' title='bbox 1405 3144 1535 3202; x_wconf 90' lang='lat' dir='ltr'><strong>militum</strong></span> <span class='ocrx_word' id='word_1_252' title='bbox 1561 3163 1686 3221; x_wconf 82' lang='lat' dir='ltr'><strong>praesen·</strong></span> 
     </span>
     <span class='ocr_line' id='line_1_27' title="bbox 366 3241 1685 3322; baseline 0.001 -21"><span class='ocrx_word' id='word_1_253' title='bbox 366 3244 484 3315; x_wconf 90' lang='lat' dir='ltr'><strong>talium,</strong></span> <span class='ocrx_word' id='word_1_254' title='bbox 515 3261 573 3301; x_wconf 93' lang='lat' dir='ltr'><strong>uno</strong></span> <span class='ocrx_word' id='word_1_255' title='bbox 601 3261 679 3302; x_wconf 89' lang='lat' dir='ltr'><strong>anno</strong></span> <span class='ocrx_word' id='word_1_256' title='bbox 707 3263 725 3301; x_wconf 90' lang='lat' dir='ltr'><strong>a</strong></span> <span class='ocrx_word' id='word_1_257' title='bbox 751 3255 836 3322; x_wconf 88' lang='lat' dir='ltr'><strong>parte</strong></span> <span class='ocrx_word' id='word_1_258' title='bbox 863 3246 1011 3322; x_wconf 87' lang='lat' dir='ltr'><strong>pediturn,</strong></span> <span class='ocrx_word' id='word_1_259' title='bbox 1042 3245 1101 3302; x_wconf 89' lang='lat' dir='ltr'><strong>alio</strong></span> <span class='ocrx_word' id='word_1_260' title='bbox 1128 3265 1147 3303; x_wconf 87' lang='lat' dir='ltr'><strong>a</strong></span> <span class='ocrx_word' id='word_1_261' title='bbox 1171 3256 1257 3321; x_wconf 88' lang='lat' dir='ltr'><strong>parte</strong></span> <span class='ocrx_word' id='word_1_262' title='bbox 1284 3241 1475 3321; x_wconf 78' lang='lat' dir='ltr'><strong>equitum&#39;⁸).</strong></span> <span class='ocrx_word' id='word_1_263' title='bbox 1529 3245 1615 3304; x_wconf 85' lang='lat' dir='ltr'><strong>Hane</strong></span> <span class='ocrx_word' id='word_1_264' title='bbox 1642 3245 1685 3302; x_wconf 89' lang='lat' dir='ltr'><strong>ad·</strong></span> 
     </span>
     <span class='ocr_line' id='line_1_28' title="bbox 365 3345 1759 3428; baseline 0 -24"><span class='ocrx_word' id='word_1_265' title='bbox 365 3345 595 3404; x_wconf 85' lang='lat' dir='ltr'><strong>ministrationis</strong></span> <span class='ocrx_word' id='word_1_266' title='bbox 619 3348 814 3406; x_wconf 87' lang='lat' dir='ltr'><strong>mutationem</strong></span> <span class='ocrx_word' id='word_1_267' title='bbox 836 3356 905 3406; x_wconf 90' lang='lat' dir='ltr'><strong>ante</strong></span> <span class='ocrx_word' id='word_1_268' title='bbox 927 3366 953 3405; x_wconf 90' lang='lat' dir='ltr'><strong>a.</strong></span> <span class='ocrx_word' id='word_1_269' title='bbox 973 3347 1032 3406; x_wconf 83' lang='lat'><strong>398</strong></span> <span class='ocrx_word' id='word_1_270' title='bbox 1055 3347 1221 3406; x_wconf 84' lang='lat' dir='ltr'><strong>institutam</strong></span> <span class='ocrx_word' id='word_1_271' title='bbox 1244 3364 1312 3406; x_wconf 87' lang='lat' dir='ltr'><strong>esse</strong></span> <span class='ocrx_word' id='word_1_272' title='bbox 1338 3347 1403 3406; x_wconf 87' lang='lat' dir='ltr'><strong>eius</strong></span> <span class='ocrx_word' id='word_1_273' title='bbox 1429 3349 1500 3406; x_wconf 90' lang='lat' dir='ltr'><strong>anni</strong></span> <span class='ocrx_word' id='word_1_274' title='bbox 1527 3349 1685 3408; x_wconf 86' lang='lat' dir='ltr'><strong>constitutio</strong></span> <span class='ocrx_word' id='word_1_275' title='bbox 1758 3409 1759 3428; x_wconf 68' lang='lat'><strong>.</strong></span> 
     </span>
     <span class='ocr_line' id='line_1_29' title="bbox 365 3435 1759 3527; baseline 0.001 -23"><span class='ocrx_word' id='word_1_276' title='bbox 365 3447 551 3522; x_wconf 73' lang='lat' dir='ltr'><strong>declarat4),</strong></span> <span class='ocrx_word' id='word_1_277' title='bbox 581 3448 768 3508; x_wconf 88' lang='lat' dir='ltr'><strong>coniunctam</strong></span> <span class='ocrx_word' id='word_1_278' title='bbox 791 3450 995 3508; x_wconf 85' lang='lat' dir='ltr'><strong>verisimiliter</strong></span> <span class='ocrx_word' id='word_1_279' title='bbox 1016 3468 1083 3508; x_wconf 92' lang='lat' dir='ltr'><strong>cum</strong></span> <span class='ocrx_word' id='word_1_280' title='bbox 1107 3449 1262 3508; x_wconf 87' lang='lat' dir='ltr'><strong>dominatu</strong></span> <span class='ocrx_word' id='word_1_281' title='bbox 1285 3447 1475 3522; x_wconf 87' lang='lat' dir='ltr'><strong>Stilichonis;</strong></span> <span class='ocrx_word' id='word_1_282' title='bbox 1504 3468 1566 3510; x_wconf 88' lang='lat' dir='ltr'><strong>non</strong></span> <span class='ocrx_word' id='word_1_283' title='bbox 1586 3449 1684 3527; x_wconf 86' lang='lat' dir='ltr'><strong>porrigi</strong></span> <span class='ocrx_word' id='word_1_284' title='bbox 1758 3435 1759 3448; x_wconf 39' lang='lat'>¹</span> 
     </span>
     <span class='ocr_line' id='line_1_30' title="bbox 366 3549 1685 3628; baseline 0.002 -22"><span class='ocrx_word' id='word_1_285' title='bbox 366 3567 431 3606; x_wconf 88' lang='lat' dir='ltr'><strong>eam</strong></span> <span class='ocrx_word' id='word_1_286' title='bbox 455 3551 493 3608; x_wconf 88' lang='lat' dir='ltr'><strong>ad</strong></span> <span class='ocrx_word' id='word_1_287' title='bbox 515 3559 574 3608; x_wconf 88' lang='lat' dir='ltr'><strong>tres</strong></span> <span class='ocrx_word' id='word_1_288' title='bbox 596 3549 721 3609; x_wconf 89' lang='lat' dir='ltr'><strong>ducatus</strong></span> <span class='ocrx_word' id='word_1_289' title='bbox 743 3551 920 3610; x_wconf 92' lang='lat' dir='ltr'><strong>Pannoniae</strong></span> <span class='ocrx_word' id='word_1_290' title='bbox 942 3550 1070 3611; x_wconf 81' lang='lat' dir='ltr'><strong>fortasse</strong></span> <span class='ocrx_word' id='word_1_291' title='bbox 1095 3550 1163 3608; x_wconf 92' lang='lat' dir='ltr'><strong>inde</strong></span> <span class='ocrx_word' id='word_1_292' title='bbox 1190 3551 1416 3627; x_wconf 81' lang='lat' dir='ltr'><strong>explicandum,</strong></span> <span class='ocrx_word' id='word_1_293' title='bbox 1443 3553 1525 3628; x_wconf 93' lang='lat' dir='ltr'><strong>quod</strong></span> <span class='ocrx_word' id='word_1_294' title='bbox 1551 3569 1601 3610; x_wconf 88' lang='lat' dir='ltr'><strong>eas</strong></span> <span class='ocrx_word' id='word_1_295' title='bbox 1627 3571 1685 3628; x_wconf 82' lang='lat' dir='ltr'><strong>par·</strong></span> 
     </span>
     <span class='ocr_line' id='line_1_31' title="bbox 365 3651 1683 3728; baseline 0 -20"><span class='ocrx_word' id='word_1_296' title='bbox 365 3659 410 3709; x_wconf 90' lang='lat' dir='ltr'><strong>tes</strong></span> <span class='ocrx_word' id='word_1_297' title='bbox 433 3671 468 3709; x_wconf 91' lang='lat' dir='ltr'><strong>eo</strong></span> <span class='ocrx_word' id='word_1_298' title='bbox 491 3659 625 3728; x_wconf 89' lang='lat' dir='ltr'><strong>tempore</strong></span> <span class='ocrx_word' id='word_1_299' title='bbox 649 3651 740 3711; x_wconf 86' lang='lat' dir='ltr'><strong>Gothi</strong></span> <span class='ocrx_word' id='word_1_300' title='bbox 764 3654 913 3713; x_wconf 87' lang='lat' dir='ltr'><strong>tenebant.</strong></span> <span class='ocrx_word' id='word_1_301' title='bbox 941 3686 981 3696; x_wconf 89' lang='lat'>—</span> <span class='ocrx_word' id='word_1_302' title='bbox 1013 3654 1063 3712; x_wconf 89' lang='lat' dir='ltr'><strong>Ad</strong></span> <span class='ocrx_word' id='word_1_303' title='bbox 1085 3654 1277 3728; x_wconf 86' lang='lat' dir='ltr'><strong>magistratus</strong></span> <span class='ocrx_word' id='word_1_304' title='bbox 1297 3653 1401 3712; x_wconf 89' lang='lat' dir='ltr'><strong>civiles</strong></span> <span class='ocrx_word' id='word_1_305' title='bbox 1428 3653 1555 3713; x_wconf 85' lang='lat' dir='ltr'><strong>mutatio</strong></span> <span class='ocrx_word' id='word_1_306' title='bbox 1580 3674 1613 3712; x_wconf 85' lang='lat' dir='ltr'><strong>ea</strong></span> <span class='ocrx_word' id='word_1_307' title='bbox 1635 3671 1683 3711; x_wconf 91' lang='lat' dir='ltr'><strong>non</strong></span> 
     </span>
     <span class='ocr_line' id='line_1_32' title="bbox 364 3753 1684 3832; baseline -0.002 -20"><span class='ocrx_word' id='word_1_308' title='bbox 364 3753 510 3829; x_wconf 89' lang='lat' dir='ltr'><strong>pervenit.</strong></span> <span class='ocrx_word' id='word_1_309' title='bbox 547 3753 642 3812; x_wconf 89' lang='lat' dir='ltr'><strong>Immo</strong></span> <span class='ocrx_word' id='word_1_310' title='bbox 664 3754 700 3812; x_wconf 90' lang='lat' dir='ltr'><strong>de</strong></span> <span class='ocrx_word' id='word_1_311' title='bbox 725 3756 855 3827; x_wconf 87' lang='lat' dir='ltr'><strong>vicariis,</strong></span> <span class='ocrx_word' id='word_1_312' title='bbox 878 3757 946 3814; x_wconf 90' lang='lat' dir='ltr'><strong>item</strong></span> <span class='ocrx_word' id='word_1_313' title='bbox 969 3756 1006 3813; x_wconf 92' lang='lat' dir='ltr'><strong>de</strong></span> <span class='ocrx_word' id='word_1_314' title='bbox 1027 3755 1203 3832; x_wconf 88' lang='lat' dir='ltr'><strong>proconsule</strong></span> <span class='ocrx_word' id='word_1_315' title='bbox 1221 3755 1342 3814; x_wconf 82' lang='lat' dir='ltr'><strong>Africae</strong></span> <span class='ocrx_word' id='word_1_316' title='bbox 1364 3756 1475 3814; x_wconf 89' lang='lat' dir='ltr'><strong>mansit</strong></span> <span class='ocrx_word' id='word_1_317' title='bbox 1497 3756 1615 3832; x_wconf 87' lang='lat' dir='ltr'><strong>antiqua</strong></span> <span class='ocrx_word' id='word_1_318' title='bbox 1634 3755 1684 3819; x_wconf 81' lang='lat' dir='ltr'><strong>lex,</strong></span> 
     </span>
     <span class='ocr_line' id='line_1_33' title="bbox 364 3857 1684 3937; baseline -0.001 -24"><span class='ocrx_word' id='word_1_319' title='bbox 364 3865 396 3914; x_wconf 87' lang='lat' dir='ltr'><strong>ut</strong></span> <span class='ocrx_word' id='word_1_320' title='bbox 418 3857 581 3934; x_wconf 90' lang='lat' dir='ltr'><strong>principem</strong></span> <span class='ocrx_word' id='word_1_321' title='bbox 604 3861 772 3937; x_wconf 91' lang='lat' dir='ltr'><strong>acciperent</strong></span> <span class='ocrx_word' id='word_1_322' title='bbox 793 3867 931 3934; x_wconf 90' lang='lat' dir='ltr'><strong>agentem</strong></span> <span class='ocrx_word' id='word_1_323' title='bbox 954 3857 984 3914; x_wconf 94' lang='lat' dir='ltr'><strong>in</strong></span> <span class='ocrx_word' id='word_1_324' title='bbox 1007 3857 1106 3915; x_wconf 91' lang='lat' dir='ltr'><strong>rebus.</strong></span> <span class='ocrx_word' id='word_1_325' title='bbox 1142 3857 1191 3914; x_wconf 82' lang='lat' dir='ltr'><strong>Ex</strong></span> <span class='ocrx_word' id='word_1_326' title='bbox 1214 3857 1404 3934; x_wconf 83' lang='lat' dir='ltr'><strong>praesidibus</strong></span> <span class='ocrx_word' id='word_1_327' title='bbox 1427 3859 1479 3934; x_wconf 92' lang='lat' dir='ltr'><strong>qui</strong></span> <span class='ocrx_word' id='word_1_328' title='bbox 1503 3859 1588 3932; x_wconf 90' lang='lat' dir='ltr'><strong>primi</strong></span> <span class='ocrx_word' id='word_1_329' title='bbox 1603 3857 1684 3914; x_wconf 89' lang='lat' dir='ltr'><strong>nomi-</strong></span> 
     </span>
     <span class='ocr_line' id='line_1_34' title="bbox 364 3954 1683 4037; baseline -0.005 -20"><span class='ocrx_word' id='word_1_330' title='bbox 364 3964 473 4017; x_wconf 85' lang='lat' dir='ltr'><strong>nentur</strong></span> <span class='ocrx_word' id='word_1_331' title='bbox 495 3962 670 4021; x_wconf 89' lang='lat' dir='ltr'><strong>consulares</strong></span> <span class='ocrx_word' id='word_1_332' title='bbox 693 3962 831 4020; x_wconf 88' lang='lat' dir='ltr'><strong>dicuntur</strong></span> <span class='ocrx_word' id='word_1_333' title='bbox 852 3960 988 4037; x_wconf 87' lang='lat' dir='ltr'><strong>accipere</strong></span> <span class='ocrx_word' id='word_1_334' title='bbox 1009 3960 1173 4036; x_wconf 90' lang='lat' dir='ltr'><strong>principem</strong></span> <span class='ocrx_word' id='word_1_335' title='bbox 1197 3954 1242 4018; x_wconf 81' lang='lat' dir='ltr'><strong>‘de</strong></span> <span class='ocrx_word' id='word_1_336' title='bbox 1264 3959 1362 4018; x_wconf 81' lang='lat' dir='ltr'><strong>officio</strong></span> <span class='ocrx_word' id='word_1_337' title='bbox 1384 3958 1528 4035; x_wconf 84' lang='lat' dir='ltr'><strong>praelecti</strong></span> <span class='ocrx_word' id='word_1_338' title='bbox 1551 3957 1683 4034; x_wconf 84' lang='lat' dir='ltr'><strong>praetorio</strong></span> 
     </span>
     <span class='ocr_line' id='line_1_35' title="bbox 364 4053 1683 4140; baseline -0.002 -23"><span class='ocrx_word' id='word_1_339' title='bbox 364 4057 494 4134; x_wconf 90' lang='lat' dir='ltr'><strong>Italiae&#39;,</strong></span> <span class='ocrx_word' id='word_1_340' title='bbox 516 4081 569 4122; x_wconf 89' lang='lat' dir='ltr'><strong>eos</strong></span> <span class='ocrx_word' id='word_1_341' title='bbox 591 4065 644 4140; x_wconf 92' lang='lat' dir='ltr'><strong>qui</strong></span> <span class='ocrx_word' id='word_1_342' title='bbox 667 4064 822 4140; x_wconf 88' lang='lat' dir='ltr'><strong>excipiunt</strong></span> <span class='ocrx_word' id='word_1_343' title='bbox 842 4071 1026 4121; x_wconf 88' lang='lat' dir='ltr'><strong>correctores</strong></span> <span class='ocrx_word' id='word_1_344' title='bbox 1048 4071 1078 4120; x_wconf 91' lang='lat' dir='ltr'><strong>ct</strong></span> <span class='ocrx_word' id='word_1_345' title='bbox 1093 4061 1248 4139; x_wconf 87' lang='lat' dir='ltr'><strong>praesides</strong></span> <span class='ocrx_word' id='word_1_346' title='bbox 1263 4060 1371 4137; x_wconf 89' lang='lat' dir='ltr'><strong>reliqui</strong></span> <span class='ocrx_word' id='word_1_347' title='bbox 1390 4057 1442 4120; x_wconf 87' lang='lat' dir='ltr'><strong>‘ex</strong></span> <span class='ocrx_word' id='word_1_348' title='bbox 1458 4060 1562 4122; x_wconf 88' lang='lat' dir='ltr'><strong>eodem</strong></span> <span class='ocrx_word' id='word_1_349' title='bbox 1577 4053 1683 4119; x_wconf 82' lang='lat' dir='ltr'><strong>officio&#39;.</strong></span> 
     </span>
    </p>
   </div>
   <div class='ocr_carea' id='block_1_3' title="bbox 367 4197 571 4209">
    <p class='ocr_par' dir='ltr' id='par_1_4' title="bbox 367 4197 571 4209">
     <span class='ocr_line' id='line_1_36' title="bbox 367 4197 571 4209; baseline 0 0"><span class='ocrx_word' id='word_1_350' title='bbox 367 4197 571 4209; x_wconf 46' lang='lat'><strong>*⁴*—</strong></span> 
     </span>
    </p>
   </div>
   <div class='ocr_carea' id='block_1_4' title="bbox 364 4271 1757 5264">
    <p class='ocr_par' dir='ltr' id='par_1_5' title="bbox 424 4271 1007 4338">
     <span class='ocr_line' id='line_1_37' title="bbox 424 4271 1007 4338; baseline -0.003 -14"><span class='ocrx_word' id='word_1_351' title='bbox 424 4271 448 4335; x_wconf 88' lang='lat'><strong>¹)</strong></span> <span class='ocrx_word' id='word_1_352' title='bbox 467 4275 551 4325; x_wconf 84' lang='lat' dir='ltr'><strong>Locos</strong></span> <span class='ocrx_word' id='word_1_353' title='bbox 570 4276 666 4325; x_wconf 81' lang='lat' dir='ltr'><strong>indicat</strong></span> <span class='ocrx_word' id='word_1_354' title='bbox 685 4277 764 4326; x_wconf 86' lang='lat' dir='ltr'><strong>index</strong></span> <span class='ocrx_word' id='word_1_355' title='bbox 785 4273 886 4328; x_wconf 84' lang='lat' dir='ltr'><strong>Seeckii</strong></span> <span class='ocrx_word' id='word_1_356' title='bbox 905 4289 930 4338; x_wconf 90' lang='lat' dir='ltr'><strong>p.</strong></span> <span class='ocrx_word' id='word_1_357' title='bbox 945 4273 1007 4323; x_wconf 85' lang='grc'><strong>307.</strong></span> 
     </span>
    </p>

    <p class='ocr_par' dir='ltr' id='par_1_6' title="bbox 364 4362 1684 4694">
     <span class='ocr_line' id='line_1_38' title="bbox 423 4362 1684 4432; baseline -0.006 -14"><span class='ocrx_word' id='word_1_358' title='bbox 423 4362 448 4427; x_wconf 76' lang='lat'><strong>²)</strong></span> <span class='ocrx_word' id='word_1_359' title='bbox 467 4367 535 4418; x_wconf 87' lang='lat' dir='ltr'><strong>Vide</strong></span> <span class='ocrx_word' id='word_1_360' title='bbox 554 4383 578 4432; x_wconf 90' lang='lat' dir='ltr'><strong>p.</strong></span> <span class='ocrx_word' id='word_1_361' title='bbox 594 4367 646 4418; x_wconf 86' lang='grc'><strong>625</strong></span> <span class='ocrx_word' id='word_1_362' title='bbox 666 4385 690 4418; x_wconf 95' lang='lat' dir='ltr'><strong>n.</strong></span> <span class='ocrx_word' id='word_1_363' title='bbox 707 4367 731 4418; x_wconf 86' lang='grc'><strong>3.</strong></span> <span class='ocrx_word' id='word_1_364' title='bbox 773 4366 805 4416; x_wconf 93' lang='lat' dir='ltr'><strong>In</strong></span> <span class='ocrx_word' id='word_1_365' title='bbox 825 4367 865 4416; x_wconf 87' lang='lat' dir='ltr'><strong>his</strong></span> <span class='ocrx_word' id='word_1_366' title='bbox 884 4366 996 4416; x_wconf 87' lang='lat' dir='ltr'><strong>formula</strong></span> <span class='ocrx_word' id='word_1_367' title='bbox 1015 4364 1121 4429; x_wconf 87' lang='lat' dir='ltr'><strong>antiqua</strong></span> <span class='ocrx_word' id='word_1_368' title='bbox 1140 4364 1257 4414; x_wconf 88' lang='lat' dir='ltr'><strong>consulto</strong></span> <span class='ocrx_word' id='word_1_369' title='bbox 1276 4364 1377 4414; x_wconf 81' lang='lat' dir='ltr'><strong>ridetur</strong></span> <span class='ocrx_word' id='word_1_370' title='bbox 1396 4371 1496 4414; x_wconf 84' lang='lat' dir='ltr'><strong>retenta</strong></span> <span class='ocrx_word' id='word_1_371' title='bbox 1520 4379 1585 4426; x_wconf 84' lang='lat' dir='ltr'><strong>esse;</strong></span> <span class='ocrx_word' id='word_1_372' title='bbox 1608 4375 1684 4413; x_wconf 76' lang='lat' dir='ltr'><strong>conus</strong></span> 
     </span>
     <span class='ocr_line' id='line_1_39' title="bbox 365 4457 1684 4524; baseline -0.005 -17"><span class='ocrx_word' id='word_1_373' title='bbox 365 4463 455 4522; x_wconf 87' lang='lat' dir='ltr'><strong>quarto</strong></span> <span class='ocrx_word' id='word_1_374' title='bbox 475 4458 533 4509; x_wconf 91' lang='lat' dir='ltr'><strong>loco</strong></span> <span class='ocrx_word' id='word_1_375' title='bbox 554 4459 597 4521; x_wconf 85' lang='grc'><strong>38,</strong></span> <span class='ocrx_word' id='word_1_376' title='bbox 614 4462 645 4510; x_wconf 88' lang='lat' dir='ltr'><strong>li</strong></span> <span class='ocrx_word' id='word_1_377' title='bbox 670 4461 697 4509; x_wconf 93' lang='lat' dir='ltr'><strong>in</strong></span> <span class='ocrx_word' id='word_1_378' title='bbox 717 4459 781 4509; x_wconf 87' lang='lat' dir='ltr'><strong>duce</strong></span> <span class='ocrx_word' id='word_1_379' title='bbox 799 4459 920 4524; x_wconf 86' lang='lat' dir='ltr'><strong>Belgicae</strong></span> <span class='ocrx_word' id='word_1_380' title='bbox 938 4459 1063 4508; x_wconf 87' lang='lat' dir='ltr'><strong>secundae</strong></span> <span class='ocrx_word' id='word_1_381' title='bbox 1083 4461 1206 4509; x_wconf 88' lang='lat' dir='ltr'><strong>remansit</strong></span> <span class='ocrx_word' id='word_1_382' title='bbox 1225 4470 1278 4506; x_wconf 90' lang='lat' dir='ltr'><strong>nou</strong></span> <span class='ocrx_word' id='word_1_383' title='bbox 1303 4457 1382 4506; x_wconf 90' lang='lat' dir='ltr'><strong>dubio</strong></span> <span class='ocrx_word' id='word_1_384' title='bbox 1407 4471 1502 4506; x_wconf 88' lang='lat' dir='ltr'><strong>errore.</strong></span> <span class='ocrx_word' id='word_1_385' title='bbox 1545 4457 1609 4508; x_wconf 84' lang='lat' dir='ltr'><strong>Nam</strong></span> <span class='ocrx_word' id='word_1_386' title='bbox 1630 4469 1684 4518; x_wconf 84' lang='lat' dir='ltr'><strong>quse</strong></span> 
     </span>
     <span class='ocr_line' id='line_1_40' title="bbox 365 4547 1683 4617; baseline -0.004 -17"><span class='ocrx_word' id='word_1_387' title='bbox 365 4549 516 4601; x_wconf 88' lang='lat' dir='ltr'><strong>obtinebant</strong></span> <span class='ocrx_word' id='word_1_388' title='bbox 534 4551 567 4601; x_wconf 91' lang='lat' dir='ltr'><strong>de</strong></span> <span class='ocrx_word' id='word_1_389' title='bbox 585 4551 690 4617; x_wconf 87' lang='lat' dir='ltr'><strong>reliquis</strong></span> <span class='ocrx_word' id='word_1_390' title='bbox 709 4551 842 4602; x_wconf 85' lang='lat' dir='ltr'><strong>ducatibus</strong></span> <span class='ocrx_word' id='word_1_391' title='bbox 862 4550 1060 4602; x_wconf 83' lang='lat' dir='ltr'><strong>Germaniarum</strong></span> <span class='ocrx_word' id='word_1_392' title='bbox 1080 4556 1106 4599; x_wconf 92' lang='lat' dir='ltr'><strong>et</strong></span> <span class='ocrx_word' id='word_1_393' title='bbox 1123 4549 1333 4612; x_wconf 87' lang='lat' dir='ltr'><strong>Britanniarum,</strong></span> <span class='ocrx_word' id='word_1_394' title='bbox 1361 4549 1394 4600; x_wconf 85' lang='lat' dir='ltr'><strong>ad</strong></span> <span class='ocrx_word' id='word_1_395' title='bbox 1415 4549 1483 4600; x_wconf 89' lang='lat' dir='ltr'><strong>hunc</strong></span> <span class='ocrx_word' id='word_1_396' title='bbox 1504 4565 1602 4616; x_wconf 86' lang='lat' dir='ltr'><strong>quoque</strong></span> <span class='ocrx_word' id='word_1_397' title='bbox 1618 4547 1683 4612; x_wconf 88' lang='lat' dir='ltr'><strong>perti·</strong></span> 
     </span>
     <span class='ocr_line' id='line_1_41' title="bbox 364 4644 635 4694; baseline 0.004 -2"><span class='ocrx_word' id='word_1_398' title='bbox 364 4644 449 4692; x_wconf 88' lang='lat' dir='ltr'><strong>nuerit</strong></span> <span class='ocrx_word' id='word_1_399' title='bbox 467 4657 570 4694; x_wconf 87' lang='lat' dir='ltr'><strong>necesse</strong></span> <span class='ocrx_word' id='word_1_400' title='bbox 589 4651 635 4693; x_wconf 90' lang='lat' dir='ltr'><strong>est.</strong></span> 
     </span>
    </p>

    <p class='ocr_par' dir='ltr' id='par_1_7' title="bbox 364 4731 1757 4892">
     <span class='ocr_line' id='line_1_42' title="bbox 422 4731 1682 4801; baseline -0.005 -15"><span class='ocrx_word' id='word_1_401' title='bbox 422 4731 447 4798; x_wconf 80' lang='lat'><strong>⁸)</strong></span> <span class='ocrx_word' id='word_1_402' title='bbox 467 4735 574 4786; x_wconf 80' lang='lat' dir='ltr'><strong>Bretina</strong></span> <span class='ocrx_word' id='word_1_403' title='bbox 593 4736 681 4800; x_wconf 91' lang='lat' dir='ltr'><strong>paullo</strong></span> <span class='ocrx_word' id='word_1_404' title='bbox 701 4737 745 4798; x_wconf 86' lang='grc'><strong>29,</strong></span> <span class='ocrx_word' id='word_1_405' title='bbox 765 4737 780 4784; x_wconf 84' lang='grc'>7</span> <span class='ocrx_word' id='word_1_406' title='bbox 804 4741 829 4784; x_wconf 90' lang='lat' dir='ltr'><strong>et</strong></span> <span class='ocrx_word' id='word_1_407' title='bbox 853 4735 981 4801; x_wconf 85' lang='lat' dir='ltr'><strong>deinceps.</strong></span> <span class='ocrx_word' id='word_1_408' title='bbox 1023 4735 1068 4786; x_wconf 88' lang='lat' dir='ltr'><strong>Bis</strong></span> <span class='ocrx_word' id='word_1_409' title='bbox 1089 4737 1133 4798; x_wconf 88' lang='grc'><strong>28,</strong></span> <span class='ocrx_word' id='word_1_410' title='bbox 1152 4735 1195 4784; x_wconf 89' lang='grc'><strong>23.</strong></span> <span class='ocrx_word' id='word_1_411' title='bbox 1220 4735 1263 4798; x_wconf 81' lang='lat'><strong>³6,</strong></span> <span class='ocrx_word' id='word_1_412' title='bbox 1286 4735 1301 4782; x_wconf 82' lang='lat'>7</span> <span class='ocrx_word' id='word_1_413' title='bbox 1325 4733 1403 4783; x_wconf 84' lang='lat' dir='ltr'><strong>rerba</strong></span> <span class='ocrx_word' id='word_1_414' title='bbox 1427 4735 1556 4799; x_wconf 85' lang='lat' dir='ltr'><strong>quaedam</strong></span> <span class='ocrx_word' id='word_1_415' title='bbox 1578 4731 1682 4783; x_wconf 85' lang='lat' dir='ltr'><strong>deliciunt</strong></span> 
     </span>
     <span class='ocr_line' id='line_1_43' title="bbox 364 4825 1757 4892; baseline -0.002 -15"><span class='ocrx_word' id='word_1_416' title='bbox 364 4826 507 4892; x_wconf 88' lang='lat' dir='ltr'><strong>supplenda</strong></span> <span class='ocrx_word' id='word_1_417' title='bbox 526 4829 634 4879; x_wconf 90' lang='lat' dir='ltr'><strong>omnino</strong></span> <span class='ocrx_word' id='word_1_418' title='bbox 653 4829 686 4878; x_wconf 89' lang='lat' dir='ltr'><strong>ad</strong></span> <span class='ocrx_word' id='word_1_419' title='bbox 705 4828 819 4892; x_wconf 87' lang='lat' dir='ltr'><strong>reliquos</strong></span> <span class='ocrx_word' id='word_1_420' title='bbox 837 4827 916 4888; x_wconf 87' lang='lat' dir='ltr'><strong>locos,</strong></span> <span class='ocrx_word' id='word_1_421' title='bbox 937 4843 983 4877; x_wconf 88' lang='lat' dir='ltr'><strong>nee</strong></span> <span class='ocrx_word' id='word_1_422' title='bbox 1003 4827 1189 4892; x_wconf 86' lang='lat' dir='ltr'><strong>corrigendum,</strong></span> <span class='ocrx_word' id='word_1_423' title='bbox 1210 4832 1238 4876; x_wconf 88' lang='lat' dir='ltr'><strong>ut</strong></span> <span class='ocrx_word' id='word_1_424' title='bbox 1255 4827 1317 4876; x_wconf 81' lang='lat' dir='ltr'><strong>iecit</strong></span> <span class='ocrx_word' id='word_1_425' title='bbox 1334 4825 1467 4878; x_wconf 82' lang='lat' dir='ltr'><strong>Seeclriue.</strong></span> <span class='ocrx_word' id='word_1_426' title='bbox 1756 4881 1757 4884; x_wconf 8' lang='grc' dir='ltr'><strong>Ἴ</strong></span> 
     </span>
    </p>

    <p class='ocr_par' dir='ltr' id='par_1_8' title="bbox 364 4905 1757 5264">
     <span class='ocr_line' id='line_1_44' title="bbox 422 4905 1757 4988; baseline -0.006 -17"><span class='ocrx_word' id='word_1_427' title='bbox 422 4915 447 4980; x_wconf 78' lang='lat'><strong>⁴)</strong></span> <span class='ocrx_word' id='word_1_428' title='bbox 468 4919 497 4971; x_wconf 76' lang='lat' dir='ltr'><strong>(i.</strong></span> <span class='ocrx_word' id='word_1_429' title='bbox 512 4921 562 4970; x_wconf 84' lang='lat' dir='ltr'><strong>Th.</strong></span> <span class='ocrx_word' id='word_1_430' title='bbox 584 4924 608 4983; x_wconf 89' lang='lat'><strong>1,</strong></span> <span class='ocrx_word' id='word_1_431' title='bbox 630 4923 654 4982; x_wconf 86' lang='grc'><strong>7,</strong></span> <span class='ocrx_word' id='word_1_432' title='bbox 674 4918 690 4968; x_wconf 86' lang='grc'><strong>3</strong></span> <span class='ocrx_word' id='word_1_433' title='bbox 714 4921 775 4970; x_wconf 87' lang='lat' dir='ltr'><strong>data</strong></span> <span class='ocrx_word' id='word_1_434' title='bbox 793 4934 817 4970; x_wconf 90' lang='lat' dir='ltr'><strong>a.</strong></span> <span class='ocrx_word' id='word_1_435' title='bbox 833 4917 884 4970; x_wconf 84' lang='grc'><strong>398</strong></span> <span class='ocrx_word' id='word_1_436' title='bbox 905 4920 976 4984; x_wconf 88' lang='lat' dir='ltr'><strong>Sept.</strong></span> <span class='ocrx_word' id='word_1_437' title='bbox 997 4921 1030 4969; x_wconf 88' lang='lat'><strong>13</strong></span> <span class='ocrx_word' id='word_1_438' title='bbox 1055 4920 1089 4968; x_wconf 90' lang='lat' dir='ltr'><strong>ad</strong></span> <span class='ocrx_word' id='word_1_439' title='bbox 1113 4918 1282 4972; x_wconf 89' lang='lat' dir='ltr'><strong>Stilichonem</strong></span> <span class='ocrx_word' id='word_1_440' title='bbox 1305 4919 1455 4983; x_wconf 82' lang='lat' dir='ltr'><strong>magistrum</strong></span> <span class='ocrx_word' id='word_1_441' title='bbox 1481 4919 1600 4969; x_wconf 87' lang='lat' dir='ltr'><strong>militnm:</strong></span> <span class='ocrx_word' id='word_1_442' title='bbox 1622 4913 1682 4964; x_wconf 69' lang='lat' dir='ltr'><strong>aar</strong></span> <span class='ocrx_word' id='word_1_443' title='bbox 1756 4905 1757 4988; x_wconf 37' lang='lat' dir='ltr'><strong>q</strong></span> 
     </span>
     <span class='ocr_line' id='line_1_45' title="bbox 365 5007 1682 5078; baseline -0.006 -14"><span class='ocrx_word' id='word_1_444' title='bbox 365 5011 514 5064; x_wconf 82' lang='lat' dir='ltr'><strong>clarissimis</strong></span> <span class='ocrx_word' id='word_1_445' title='bbox 533 5013 598 5062; x_wconf 78' lang='lat' dir='ltr'><strong>viris</strong></span> <span class='ocrx_word' id='word_1_446' title='bbox 616 5011 745 5063; x_wconf 82' lang='lat' dir='ltr'><strong>comitibus</strong></span> <span class='ocrx_word' id='word_1_447' title='bbox 764 5011 921 5062; x_wconf 79' lang='lat' dir='ltr'><strong>dt&#39;uersurttm</strong></span> <span class='ocrx_word' id='word_1_448' title='bbox 938 5011 1128 5078; x_wconf 75' lang='lat' dir='ltr'><strong>provinciaram</strong></span> <span class='ocrx_word' id='word_1_449' title='bbox 1147 5017 1170 5061; x_wconf 90' lang='lat' dir='ltr'><strong>et</strong></span> <span class='ocrx_word' id='word_1_450' title='bbox 1189 5010 1304 5071; x_wconf 79' lang='lat' dir='ltr'><strong>limitum,</strong></span> <span class='ocrx_word' id='word_1_451' title='bbox 1330 5011 1368 5060; x_wconf 82' lang='lat' dir='ltr'><strong>ita</strong></span> <span class='ocrx_word' id='word_1_452' title='bbox 1387 5011 1486 5060; x_wconf 75' lang='lat' dir='ltr'><strong>stairo</strong></span> <span class='ocrx_word' id='word_1_453' title='bbox 1509 5007 1634 5078; x_wconf 58' lang='lat' dir='ltr'><strong>motabili</strong></span> <span class='ocrx_word' id='word_1_454' title='bbox 1648 5025 1682 5056; x_wconf 60' lang='grc' dir='ltr'><strong>αν</strong></span> 
     </span>
     <span class='ocr_line' id='line_1_46' title="bbox 364 5099 1683 5172; baseline -0.004 -18"><span class='ocrx_word' id='word_1_455' title='bbox 364 5105 420 5154; x_wconf 82' lang='lat' dir='ltr'><strong>miti</strong></span> <span class='ocrx_word' id='word_1_456' title='bbox 435 5119 483 5172; x_wconf 80' lang='lat' dir='ltr'><strong>per</strong></span> <span class='ocrx_word' id='word_1_457' title='bbox 501 5103 618 5170; x_wconf 76' lang='lat' dir='ltr'><strong>Ast-icam</strong></span> <span class='ocrx_word' id='word_1_458' title='bbox 631 5106 765 5172; x_wconf 80' lang='lat' dir='ltr'><strong>principes</strong></span> <span class='ocrx_word' id='word_1_459' title='bbox 783 5111 808 5155; x_wconf 92' lang='lat' dir='ltr'><strong>et</strong></span> <span class='ocrx_word' id='word_1_460' title='bbox 826 5105 964 5154; x_wconf 81' lang='lat' dir='ltr'><strong>numerarii</strong></span> <span class='ocrx_word' id='word_1_461' title='bbox 981 5119 1011 5154; x_wconf 80' lang='lat' dir='ltr'><strong>es</strong></span> <span class='ocrx_word' id='word_1_462' title='bbox 1030 5103 1113 5170; x_wconf 79' lang='lat' dir='ltr'><strong>officio</strong></span> <span class='ocrx_word' id='word_1_463' title='bbox 1132 5103 1293 5169; x_wconf 67' lang='lat' dir='ltr'><strong>magisteriae</strong></span> <span class='ocrx_word' id='word_1_464' title='bbox 1314 5103 1448 5169; x_wconf 82' lang='lat' dir='ltr'><strong>potestatis</strong></span> <span class='ocrx_word' id='word_1_465' title='bbox 1467 5105 1600 5152; x_wconf 74' lang='lat' dir='ltr'><strong>mitteretur.</strong></span> <span class='ocrx_word' id='word_1_466' title='bbox 1636 5099 1683 5149; x_wconf 77' lang='lat' dir='ltr'><strong>liae</strong></span> 
     </span>
     <span class='ocr_line' id='line_1_47' title="bbox 365 5191 1683 5264; baseline -0.007 -17"><span class='ocrx_word' id='word_1_467' title='bbox 365 5199 547 5249; x_wconf 86' lang='lat' dir='ltr'><strong>constitutione</strong></span> <span class='ocrx_word' id='word_1_468' title='bbox 560 5198 690 5250; x_wconf 83' lang='lat' dir='ltr'><strong>ordinatio</strong></span> <span class='ocrx_word' id='word_1_469' title='bbox 705 5198 736 5248; x_wconf 83' lang='lat' dir='ltr'><strong>tie</strong></span> <span class='ocrx_word' id='word_1_470' title='bbox 749 5213 800 5264; x_wconf 84' lang='lat' dir='ltr'><strong>qua</strong></span> <span class='ocrx_word' id='word_1_471' title='bbox 813 5199 913 5264; x_wconf 87' lang='lat' dir='ltr'><strong>agimus</strong></span> <span class='ocrx_word' id='word_1_472' title='bbox 927 5196 961 5247; x_wconf 86' lang='lat' dir='ltr'><strong>ad</strong></span> <span class='ocrx_word' id='word_1_473' title='bbox 974 5197 1092 5248; x_wconf 79' lang='lat' dir='ltr'><strong>Africam</strong></span> <span class='ocrx_word' id='word_1_474' title='bbox 1104 5195 1206 5262; x_wconf 85' lang='lat' dir='ltr'><strong>prolata</strong></span> <span class='ocrx_word' id='word_1_475' title='bbox 1220 5203 1257 5246; x_wconf 85' lang='lat' dir='ltr'><strong>est</strong></span> <span class='ocrx_word' id='word_1_476' title='bbox 1276 5195 1375 5246; x_wconf 77' lang='lat' dir='ltr'><strong>devicto</strong></span> <span class='ocrx_word' id='word_1_477' title='bbox 1394 5195 1484 5259; x_wconf 86' lang='lat' dir='ltr'><strong>paullo</strong></span> <span class='ocrx_word' id='word_1_478' title='bbox 1503 5203 1561 5248; x_wconf 83' lang='lat' dir='ltr'><strong>ante</strong></span> <span class='ocrx_word' id='word_1_479' title='bbox 1579 5191 1683 5246; x_wconf 80' lang='lat' dir='ltr'><strong>Gildone.</strong></span> 
     </span>
    </p>
   </div>
   <div class='ocr_carea' id='block_1_5' title="bbox 0 0 1766 5932">
    <p class='ocr_par' dir='ltr' id='par_1_9' title="bbox 0 0 1766 5932">
     <span class='ocr_line' id='line_1_48' title="bbox 0 0 1766 5932; baseline 0 2"><span class='ocrx_word' id='word_1_480' title='bbox 0 0 1766 5932; x_wconf 95' lang='lat' dir='ltr'><strong> </strong></span> 
     </span>
    </p>
   </div>
  </div>
 </body>
</html>
