3574 5942
372 440 442 510 144
946 457 1129 510 uouusau

368 632 455 688 modo
478 631 569 702 effici3
601 650 619 686 a
640 648 700 706 qua
721 630 899 688 formatione
922 649 988 687 cum
1015 649 1063 688 res
1090 631 1227 689 militaris
1250 632 1345 706 magis
1367 631 1522 708 magisque
1548 630 1701 705 penderet,

367 733 398 789 in
421 733 526 790 subitis
549 732 621 790 belli
648 732 724 789 aliae
746 731 812 789 viae
834 733 990 806 quaesitae
1013 741 1081 789 sunt
1102 741 1132 790 et
1153 733 1316 792 inventae.-

411 832 470 893 Sed
494 833 607 890 evocati
631 834 770 908 antiquae
793 835 833 891 rei
858 834 993 908 publicae
1021 854 1086 890 curn
1118 834 1173 892 sub
1200 834 1381 910 principibus
1406 852 1474 891 raro
1500 834 1701 902 inveniantur,

368 934 445 992 inter
472 954 551 992 nova
576 935 714 993 instituta
740 935 782 992 rei
810 935 948 994 militaris
971 954 1047 1010 quae
1074 935 1142 992 iecit
1164 939 1319 1011 Augustus
1345 935 1443 994 locum
1470 953 1556 994 suum
1586 936 1702 992 obtinet

368 1055 476 1112 corpus
499 1037 644 1095 urbanum
673 1045 863 1094 evocatorum
886 1037 1025 1112 Augusti.
1071 1037 1237 1112 Utrumque
1264 1055 1359 1112 genus
1386 1049 1464 1096 recta
1490 1035 1647 1112 aLangio
1673 1043 1702 1091 at

368 1138 573 1213 Marquardtio
601 1138 770 1196 distinctum
797 1139 947 1213 quomodo
975 1136 1156 1197 Sclrmidtius
1183 1138 1360 1196 contendere
1388 1139 1519 1216 potuerit
1548 1141 1613 1196 iure
1641 1156 1701 1195 nou

368 1240 498 1310 differre,
521 1259 578 1296 nou
603 1239 758 1315 perspicio.
796 1240 889 1297 Recte
912 1240 977 1299 siue
997 1240 1086 1298 dubio
1103 1240 1162 1297 Dio
1179 1240 1328 1316 significat
1342 1260 1380 1298 ex
1396 1250 1584 1299 evocatorum
1601 1259 1701 1307 mauu,

369 1361 456 1417 quam
480 1342 640 1399 secundum
665 1342 788 1417 antiqua
809 1341 946 1400 instituta
966 1340 1081 1400 Caesar
1103 1343 1182 1400 filius
1206 1352 1276 1418 post
1298 1343 1392 1418 patris
1413 1341 1533 1400 caedem
1557 1341 1595 1399 ad
1618 1359 1703 1397 arma

369 1454 539 1514 vocaverat,
573 1443 723 1518 proiectos
752 1461 819 1499 esse
846 1453 987 1502 evocatos
1021 1445 1072 1519 qui
1099 1447 1238 1520 Augusto
1271 1454 1377 1520 postea
1408 1444 1567 1502 adfuerunt
1601 1450 1631 1499 et
1665 1442 1702 1497 ad

368 1545 432 1602 eius
459 1544 627 1620 exemplum
662 1545 847 1620 principibus
873 1545 1025 1616 omnibus;
1063 1564 1130 1602 nam
1164 1546 1368 1604 invitabantur
1400 1545 1437 1602 ad
1471 1545 1607 1603 militiam
1641 1553 1703 1601 tarn

369 1647 398 1702 hi
421 1663 509 1721 quam
532 1647 591 1718 illi,
618 1653 648 1703 et
674 1647 785 1704 mansit
811 1665 929 1704 nomen.
973 1644 1033 1704 Sed
1056 1647 1172 1704 evocati
1195 1646 1312 1722 antiqui
1338 1654 1449 1705 certum
1473 1646 1583 1705 bellum
1607 1645 1704 1703 susci-

369 1749 467 1824 piunt,
490 1765 550 1822 quo
572 1747 655 1805 finito
678 1748 744 1824 ipso
767 1746 829 1805 iure
853 1748 1023 1818 solvuntur,
1046 1747 1160 1806 evocati
1183 1748 1314 1823 Augusti
1336 1748 1467 1806 militant
1488 1747 1552 1805 sine
1574 1746 1703 1804 termino

369 1858 458 1907 certo.
495 1848 545 1906 Illi
568 1859 655 1907 extra
670 1850 804 1907 ordinem
827 1859 941 1907 merent
963 1858 991 1906 et
1009 1867 1099 1906 causa
1113 1850 1199 1908 finita
1213 1867 1281 1908 esse
1297 1849 1450 1920 desinunt3
1472 1848 1579 1906 horum
1596 1847 1706 1905 militia

369 1951 520 2008 ordinaria
542 1961 587 2008 est
609 1969 777 2026 corpusque
800 1960 984 2027 perpetuum.
1022 1950 1071 2008 Illi
1091 1952 1210 2028 proprie
1230 1952 1273 2009 rei
1292 1951 1441 2028 gerendae
1460 1950 1603 2009 destinati
1626 1957 1705 2018 sunt,

369 2052 399 2108 hi
423 2053 523 2110 cificin
544 2053 689 2127 quaedam
713 2053 814 2110 civilia
836 2052 1025 2129 potissimum
1053 2052 1271 2110 administrant.
1316 2053 1364 2110 Ad
1388 2053 1470 2110 illam
1494 2051 1632 2110 militiam
1660 2051 1705 2106 iu-

370 2155 500 2212 vitantur
522 2171 726 2230 quoscumque
748 2155 921 2229 imperatori
947 2154 1046 2230 placet
1067 2155 1208 2224 invitare,
1236 2154 1273 2210 ad
1301 2154 1378 2212 hanc
1398 2162 1480 2213 certa
1501 2154 1605 2228 aliqua
1628 2151 1705 2208 mili-

369 2256 411 2314 tia
432 2257 557 2313 honeste
580 2255 737 2332 perfuncti.
776 2255 880 2330 Itaque
903 2255 960 2313 iam
987 2256 1150 2328 rideamus,
1173 2273 1267 2314 novos
1289 2264 1431 2314 evocatos
1453 2255 1562 2330 quibus
1585 2254 1706 2329 legibus

368 2358 520 2435 principes
542 2357 707 2415 formarint.

412 2459 537 2516 Evocati
564 2455 734 2536 Augusti¹)
760 2459 886 2518 instituti
914 2470 982 2518 suut
1010 2461 1047 2518 ab
1075 2459 1254 2537 Augusrot)
1288 2469 1320 2518 ut
1345 2459 1462 2534 reliqua
1489 2458 1550 2516 fere
1576 2475 1709 2534 corpora

371 2561 511 2620 militaria
531 2578 609 2635 quae
632 2561 799 2619 consistunt
820 2562 850 2618 in
872 2562 945 2619 urbe
967 2562 1074 2619 Roma.

414 2664 501 2721 Miles
525 2671 555 2721 ut
578 2671 725 2733 evocetur,
748 2664 940 2738 requiruntur
962 2663 1113 2740 stipendia
1133 2665 1267 2740 legitima
1287 2664 1408 2740 expleta
1429 2664 1459 2720 in
1477 2681 1604 2738 corpore
1628 2663 1708 2719 mili·

370 2766 427 2823 tari
450 2765 563 2822 urbano
586 2763 633 2820 vel
655 2765 824 2822 suburbano
834 2759 874 2839 ³).
919 2763 1225 2842 comprehunduntur
1247 2784 1283 2822 eo
1305 2765 1424 2824 nomiae
1445 2782 1573 2838 corpora
1598 2763 1685 2820 haec.

472 2865 501 2940 l)
526 2863 675 2924 Cohortes
697 2870 865 2942 praetoriae
889 2876 990 2943 utpote
1012 2877 1041 2924 et
1063 2867 1166 2925 ordine
1188 2878 1218 2925 et
1240 2887 1363 2925 numero
1386 2867 1514 2943 primum
1536 2865 1616 2923 inter
1640 2883 1709 2922 cor·

524 2986 599 3042 pora
620 2967 762 3026 militaria
784 2969 898 3026 urbana
925 2969 1014 3045 longe
1036 2970 1197 3028 maximnm
1225 2988 1379 3027 numerum
1401 2977 1593 3027 evocatorum
1616 2966 1709 3024 dede·

525 3077 601 3126 runt.
649 3068 697 3127 Ita
729 3089 768 3127 ex
800 3069 943 3127 militibus
971 3068 1089 3140 cxci,
1128 3072 1179 3146 qui
1211 3071 1241 3129 in
1275 3072 1455 3147 praetorium
1489 3070 1603 3144 recepti
1637 3077 1711 3126 suut

525 3189 552 3228 a.
572 3171 671 3243 llere,
695 3170 802 3228 militia
823 3171 908 3229 finita
930 3173 1045 3229 evocati
1067 3172 1138 3230 facti
1158 3181 1227 3230 sunt
1241 3171 1350 3243 Xllll'3
1373 3191 1412 3229 ex
1427 3170 1571 3230 militibus
1587 3167 1710 3240 cxltt,

524 3272 573 3347 qui
596 3271 704 3330 militia
725 3271 828 3330 eadem
852 3272 990 3330 videntur
1012 3273 1101 3330 soluti
1125 3291 1193 3331 esse
1214 3292 1241 3332 a.
1259 3272 1330 3344 209,
1352 3273 1467 3332 evocati
1481 3269 1612 3346 v111⁴).

470 3371 503 3450 2)
525 3374 574 3431 Ex
597 3374 769 3432 cohortibus
789 3375 910 3432 urbanis
931 3374 981 3450 qui
1001 3373 1125 3448 protecti
1142 3375 1203 3432 sint
1217 3374 1332 3432 evocati
1347 3374 1436 3450 louge
1452 3374 1565 3430 minore
1581 3389 1711 3430 numero

525 3475 726 3551 reperiuntur3
754 3476 870 3534 seilicet
892 3476 969 3533 iuter
990 3475 1100 3533 milites
1122 3476 1173 3551 qui
1196 3477 1226 3534 in
1250 3477 1286 3534 iis
1309 3474 1436 3534 militare
1463 3483 1628 3552 coeperunt
1657 3493 1713 3550 per

433 3741 456 3804 ¹)
476 3742 517 3792 De
537 3741 662 3790 vocabulo
683 3747 750 3789 recte
764 3741 884 3805 exposuit
897 3739 1056 3792 Schmidtius
1075 3756 1099 3804 p.
1115 3739 1177 3789 352.
1208 3740 1311 3790 Nomen
1325 3740 1435 3804 Augusti
1448 3751 1554 3803 perraro
1567 3735 1715 3786 adsumunt

375 3834 467 3896 (Orelli
484 3832 543 3882 153.
563 3832 593 3883 C.
607 3833 643 3895 X,
659 3830 754 3894 5064);
779 3833 800 3881 ia
819 3833 888 3881 enim
907 3832 991 3882 honos
1015 3839 1159 3882 reservatur
1182 3831 1236 3881 sere
1263 3831 1417 3892 maioribus,
1441 3830 1591 3894 praesertim
1617 3829 1714 3892 legetis

373 3926 572 3992 provinciarum.
614 3923 712 3976 Graece
732 3923 883 3973 vocabulum
903 3925 1026 3973 retinetur
1044 3923 1121 3988 (Eph.
1135 3924 1162 3973 ΙΙ
1181 3939 1207 3973 n.
1223 3923 1286 3985 352)
1309 3923 1386 3988 idque
1405 3921 1488 3987 ipsum
1507 3921 1639 3986 siguificat
1660 3921 1715 3970 Dio

373 4018 419 4079 45,
437 4019 479 4079 12,
500 4031 653 4081 quamquam
672 4016 745 4065 addit
764 4031 839 4080 posse
858 4015 958 4066 Graece
977 4016 1100 4081 appellari
1120 4003 1270 4078 ducatricem
1289 4029 1370 4079 eoque
1389 4014 1495 4064 nomine
1514 4012 1610 4062 deiude
1630 4013 1717 4062 utitur

375 4109 419 4170 55,
440 4111 483 4159 24.
505 4109 548 4169 78,
569 4109 593 4160 5.

434 4197 459 4262 ²)
479 4200 586 4250 Praeter
598 4199 693 4250 Dionis
712 4199 885 4249 testimouium
907 4199 949 4261 55,
965 4200 1000 4248 24
1018 4199 1045 4248 id
1065 4199 1216 4264 comprobat
1235 4199 1323 4249 titulus
1341 4199 1522 4250 Praenestinus
1540 4203 1716 4247 evocatorum

375 4295 418 4360 qai
438 4299 528 4343 extant
540 4292 615 4342 facile
629 4292 820 4356 antiquissimus
833 4291 913 4343 Orell.
927 4291 977 4341 153
999 4290 1041 4353 (ef.
1063 4291 1113 4340 vol.
1127 4293 1153 4340 X
1173 4307 1198 4356 p.
1213 4289 1290 4352 777)r
1310 4286 1538 4354 Sex.1aliuaS.f.
1553 4285 1613 4338 Pol.
1630 4287 1717 4354 Rufus

374 4391 492 4435 evocatura
510 4383 566 4433 dtur·
578 4383 695 4450 Auyuatr',
710 4383 857 4450 praefectur
875 4381 893 4432 1
905 4381 1016 4432 coltortr'a
1032 4380 1164 4433 Corsorum
1182 4390 1206 4432 et
1223 4383 1352 4432 civitatum
1369 4379 1514 4431 Bur-duciae
1532 4383 1559 4430 t'a
1574 4377 1717 4430 Sardinia.

287 4475 291 4484 ’
376 4477 465 4528 Possis
484 4483 569 4526 tamen
588 4476 707 4526 dubitare
724 4490 811 4526 annon
826 4476 868 4526 hic
894 4475 995 4540 (pariter
1018 4481 1094 4540 atque
1118 4475 1250 4526 scutarius
1272 4475 1390 4527 Suetonii
1409 4476 1478 4540 Aug.
1492 4473 1537 4536 56)
1563 4473 1597 4522 ad
1619 4487 1718 4522 evoca-

377 4577 417 4618 tus
436 4568 593 4634 antiquiores
613 4568 747 4633 pertineat,
775 4583 833 4618 cum
856 4568 1005 4632 praesertim
1025 4574 1050 4616 et
1069 4566 1186 4618 vocabuli
1208 4567 1292 4616 forma
1311 4565 1345 4628 (v.
1365 4573 1418 4616 not.
1434 4565 1460 4626 1)
1490 4571 1515 4616 et
1537 4565 1720 4630 promotionis

377 4661 469 4711 ordine
493 4659 634 4724 (v.p.153
659 4665 713 4710 not,
727 4658 754 4721 4)
788 4661 819 4710 ab
847 4661 959 4710 evocatis
983 4661 1094 4724 Augusti
1120 4660 1210 4709 aetatis
1234 4659 1384 4723 posterioris
1408 4658 1568 4723 aliquatenus
1595 4657 1719 4706 recedat.

377 4754 430 4806 Sed
450 4761 535 4803 tamea
559 4768 616 4804 cum
635 4752 724 4802 titulus
748 4753 855 4816 scriptus
879 4753 913 4802 sit
934 4752 981 4802 sub
1001 4749 1121 4812 Tiberio,
1145 4751 1226 4815 magis
1251 4750 1328 4801 credo
1348 4750 1520 4800 recentiorum
1543 4762 1627 4800 uuum
1651 4763 1720 4810 esse,

377 4847 520 4896 institutum
539 4850 625 4896 autem
652 4851 817 4894 evocatorum
841 4843 949 4894 tortasse
974 4843 1057 4908 primo
1081 4849 1197 4908 tempore
1219 4843 1307 4908 paullo
1330 4842 1431 4892 diverse
1454 4841 1602 4892 ordinatum
1624 4841 1721 4892 tuisse.

435 4936 461 4999 ³)
481 4938 554 5000 Quae
572 4943 713 5002 sequuntur
732 4936 833 5000 egregie
853 4935 972 4999 exposuit
991 4932 1157 4986 Schmidtius.

436 5027 461 5092 ⁴)
482 5029 511 5080 O.
525 5030 572 5091 VI,
594 5029 674 5079 2379.
712 5028 778 5092 Eph.
794 5029 830 5078 1v
850 5042 874 5077 n.
891 5027 952 5077 896.
991 5027 1141 5087 Numeravi,
1163 5033 1191 5075 ut
1209 5025 1295 5087 debui,
1317 5041 1361 5076 eos
1382 5025 1500 5076 homines
1519 5027 1599 5088 solos,
1623 5027 1722 5092 quibus

379 5128 424 5170 aut
442 5121 555 5170 officium
575 5121 730 5185 adscriptum
751 5127 789 5170 est
807 5126 852 5169 aut
871 5119 968 5168 nullum
988 5125 1088 5168 constat
1107 5118 1262 5183 adscriptum
1282 5117 1370 5168 fuisse.
