3510 5932
73 503 110 550 rra
494 491 696 544 enormem
722 489 929 542 arenosus.
1306 470 1353 540 at
1360 469 1379 538 7

76 595 797 606 ..‘.————-—---.-.—.—.-..-—..-

103 671 171 728 ilnte
191 670 251 726 v.l
276 669 307 726 in
329 677 437 744 ectypo
460 675 540 726 certe
561 667 692 744 quinque
708 683 848 724 versuum
864 664 992 743 vestigia
1014 663 1220 740 dispiciuntur.
1235 695 1274 706 -
1288 661 1346 722 Vv.
1366 663 1380 719 1

72 775 121 830 -4
140 790 210 848 quae
230 770 298 828 dedi
322 770 465 846 pleraque
485 789 590 847 parum
614 777 695 828 certa
717 775 793 827 sunt.
819 801 856 811 --
883 767 919 826 19
943 783 970 824 ts
992 766 1108 824 litteras
1130 766 1227 842 primo
1252 765 1382 824 omissas

70 876 172 952 posthac
196 872 405 948 quadratarius
428 873 519 930 verbo
547 873 627 949 quod
655 880 701 929 est
732 881 873 930 consertos
901 869 1017 928 videtur
1044 868 1308 944 superscripsisse.
1344 899 1381 910 -

71 976 97 1033 tt
112 977 155 1032 lin.
176 983 243 1034 ante
265 983 295 1034 et
316 983 386 1051 post
407 974 522 1033 litteras
547 990 579 1031 ss
604 975 703 1048 spatia
726 982 832 1031 vacant
853 980 976 1050 propter
998 971 1108 1048 lapidis
1131 971 1212 1029 vitia.

100 1076 205 1153 Scripta
226 1085 272 1134 est
294 1077 403 1135 litteris
426 1094 485 1134 non
502 1075 667 1152 quadratis,
691 1076 745 1134 sed
767 1075 943 1147 uncialibus,
966 1073 1106 1150 qualibus
1128 1073 1244 1131 librarii
1260 1072 1383 1130 uteban-

68 1191 111 1248 tur,
134 1187 163 1236 ut
183 1179 296 1238 codicis
320 1178 519 1254 antiquissimi
547 1179 676 1254 paginae
702 1177 752 1234 hic
779 1177 857 1252 lapis
880 1177 960 1235 vices
987 1175 1085 1233 facere
1110 1175 1218 1252 possit.
1262 1171 1382 1233 Subieci

68 1283 197 1358 specimen
217 1281 383 1359 scripturae
401 1299 449 1368 vr.
468 1280 600 1352 11-14,
615 1280 686 1337 item
703 1279 892 1355 alphabetum
910 1287 939 1336 et
953 1277 1119 1336 litterarum
1135 1276 1381 1356 contignationes.

100 1447 291 1582 luceant
314 1469 508 1554 merser
529 1452 714 1585 patilo
743 1441 830 1548 sol
859 1465 983 1548 rote
1003 1454 1237 1548 τοτοΝΔι

115 1591 309 1722 merop
331 1611 392 1686 ετ
410 1597 629 1712 exopepe
653 1595 869 1719 forresx
899 1582 1090 1694 deror
1124 1585 1261 1720 epam

85 1732 321 1826 undecim
339 1735 612 1856 erropmar
634 1731 948 1862 merropuor
969 1724 1355 1829 duximujaoun

118 1857 432 1994 srflu‘mrdle
457 1873 652 1996 campos
667 1871 869 1995 uorrpt
881 1867 1244 1986 supportetur

78 2101 1362 2276 atcdcfchrtmtco)soopspsrn><

270 2378 1157 2542 Mfflo¹ffln

94 2627 305 2704 intelleguntur
326 2631 416 2689 haec:

244 2788 257 2826 s
304 2769 431 2827 Etcum
455 2775 586 2828 maturas
611 2779 726 2850 segetes
750 2773 933 2848 produxerat
955 2788 1061 2842 annus,

350 2871 517 2931 Demessor
538 2872 642 2930 calami
667 2873 763 2948 tu[n]c
785 2893 841 2952 ego
863 2876 977 2952 primus
1000 2893 1090 2933 eram.

299 2972 453 3032 Falcifera
475 2993 541 3033 cum
566 2983 664 3033 turma
686 2976 780 3033 virum
802 2986 991 3051 processerat
1012 2978 1093 3034 arvis

351 3073 412 3136 Seu
436 3074 537 3135 Cirtae
560 3077 704 3136 nomades
732 3097 785 3136 seu
806 3078 889 3138 Iovis
911 3097 984 3138 arva
1006 3087 1121 3155 petens,

298 3177 464 3237 Demessor
486 3187 606 3238 cunctos
629 3180 779 3239 anteibam
801 3181 915 3256 primus
938 3182 968 3239 in
990 3181 1070 3238 arvis

225 3298 252 3336 ro
352 3281 415 3339 Pos
437 3291 538 3360 tergus
562 3283 698 3341 lincuens
721 3283 815 3341 densa
835 3303 932 3342 meum
954 3284 1075 3360 gremia.

300 3382 355 3441 Bis
378 3402 468 3443 senas
491 3403 605 3444 messes
627 3386 733 3444 rabido
757 3385 812 3445 sub
833 3386 898 3445 sole
921 3385 1047 3457 totondi,

352 3485 466 3544 Ductor
488 3498 518 3546 et
540 3507 579 3546 ex
602 3506 691 3564 opere
713 3495 820 3566 postea
840 3487 936 3546 factus
960 3507 1049 3546 eram.

297 3585 443 3644 Undecim
467 3596 497 3646 et
518 3597 633 3647 turmas
656 3607 821 3649 messorum
844 3590 986 3649 duximus
1008 3588 1122 3664 ann[is]

350 3689 389 3745 Et
410 3687 562 3748 Numidae
585 3710 707 3768 campos
731 3701 834 3750 nostra
856 3711 962 3750 manus
985 3692 1087 3750 secuit.

223 3809 250 3846 as
298 3789 357 3846 llic
378 3790 464 3849 labor
487 3803 516 3850 et
537 3792 600 3850 vita
621 3811 714 3869 parvo
736 3793 904 3869 oon[tcn]ta
926 3794 1025 3852 valere

299 3889 340 3948 Et
361 3892 513 3952 dominum
536 3893 632 3952 fecere
653 3894 759 3954 domus
782 3905 811 3953 et
833 3895 904 3954 villa
925 3904 1031 3972 parata
1053 3893 1139 3971 (e)st‚

351 3995 390 4052 Et
411 3996 503 4054 nullis
527 3997 634 4072 opibus
657 3996 772 4072 indiget
794 3997 862 4073 ipsa
883 3997 998 4055 domus.

299 4095 338 4152 Et
359 4107 461 4156 nostra
483 4098 546 4155 vita
568 4097 682 4157 fructus
705 4100 838 4175 percepit
861 4099 1017 4168 honorum,

349 4199 430 4258 Inter
451 4199 637 4258 conscribtos
661 4201 788 4258 scribtus
812 4201 928 4276 etipse
951 4201 1003 4258 fui.

223 4319 252 4358 eo
299 4301 423 4359 Ordinis
446 4301 477 4358 in
500 4301 612 4376 templo
635 4302 769 4360 delectus
792 4302 830 4360 ab
852 4303 956 4360 ordine
979 4301 1043 4360 sedi

348 4403 386 4460 Et
409 4403 445 4460 de
468 4403 612 4461 rusticulo
635 4423 743 4462 censor
766 4405 881 4481 etipse
903 4405 954 4462 fui.

299 4502 339 4560 Et
359 4505 448 4580 genui
472 4514 501 4562 et
522 4505 584 4562 vidi
606 4505 729 4564 iuvenes
751 4505 907 4581 crev[is]se
930 4515 1064 4581 nepotes

299 4603 387 4665 Vitae
410 4627 464 4682 pro
487 4607 600 4665 meritis
624 4609 722 4666 claros
745 4609 944 4684 transegimus
967 4627 1072 4682 annos

349 4706 433 4780 Quos
456 4709 538 4767 nullo
561 4711 667 4786 lingua
688 4710 811 4768 crimine
834 4709 922 4780 laesit
943 4719 1042 4768 atrox.

222 4827 250 4868 rs
298 4809 414 4868 Discite
437 4812 580 4870 mortales
603 4813 667 4871 sine
691 4813 814 4871 crimine
837 4812 945 4888 degere
966 4813 1072 4872 vitaml

350 4910 400 4972 Sic
422 4914 538 4986 meruit,
563 4915 638 4973 vixit
660 4916 710 4991 qui
733 4917 796 4973 sine
818 4915 933 4988 fraude,
955 4917 1040 4973 mori.

91 5061 117 5135 [Β
137 5065 270 5123 notabile
296 5073 342 5121 est
364 5063 400 5122 ad
423 5063 537 5122 Cirtam
558 5063 720 5124 Numidiae
742 5065 792 5142 (cf.
808 5086 837 5123 r.
852 5067 911 5142 14)
926 5085 1075 5125 messores
1106 5066 1149 5123 ire
1174 5067 1280 5126 solitos
1307 5087 1374 5127 esse

60 5163 95 5218 'sel
121 5183 154 5222 ex
185 5165 346 5242 provincia
376 5166 549 5242 Byzacena3
588 5176 618 5225 ut
650 5167 811 5228 Suetonius
831 5169 923 5246 Vesp.
948 5169 964 5226 I
1001 5188 1159 5246 operarum
1193 5170 1373 5232 mentionem
