3574 5942
444 495 746 550 ossnavsmouss
764 497 1050 550 nmeasrmosn.
1344 477 1415 548 139

79 681 109 730 et
128 671 268 746 ipsarum
291 669 464 728 scholarum
485 670 612 728 duarum
636 671 746 729 mentio
768 670 802 728 fit
822 671 953 746 equitum
976 679 1006 729 et
1027 669 1159 745 peditum
1179 670 1359 748 stipendium
1378 688 1418 729 ex

79 772 200 849 publico
222 771 436 846 accipientium
446 771 485 847 ¹).
525 773 728 848 Appellantur
749 772 815 830 solo
837 771 1066 830 domesticorum
1086 773 1246 844 voeabulo;
1269 781 1418 849 protecto-

80 893 149 933 rum
170 872 251 949 apud
275 871 397 932 Gothos
420 891 479 932 nou
501 875 658 950 reperitur.

121 977 150 1034 Ε
172 975 328 1034 contrario
350 976 431 1052 apud
446 973 602 1034 vandalos
625 976 780 1034 domestici
802 977 853 1052 qui
876 987 989 1034 certum
1011 977 1043 1034 in
1061 995 1093 1034 re
1112 975 1233 1052 publica
1253 977 1350 1035 locum
1365 977 1419 1035 ob·

81 1079 196 1137 tineent
217 1076 294 1136 nulli
316 1076 555 1153 reperiunturi).
579 1111 618 1120 -
642 1077 779 1136 Francici
799 1079 883 1154 regni
898 1077 1087 1150 domestici³)
1104 1079 1128 1136 si
1145 1079 1262 1154 quidem
1279 1083 1418 1155 expressi

80 1180 214 1240 suntad
235 1198 298 1237 rem
325 1177 475 1254 publicam
497 1178 716 1252 Romanorum,
746 1179 784 1238 sd
809 1188 994 1256 protectores
1021 1180 1202 1238 domesticos
1229 1181 1418 1257 imperatoris

80 1283 258 1358 redigantur
279 1297 404 1339 necesse
426 1290 487 1350 est;
510 1289 706 1357 poteruntque
729 1281 830 1357 aliquo
845 1283 934 1340 modo
949 1283 1117 1357 comparari
1133 1282 1274 1340 militibus
1288 1282 1348 1340 illis
1368 1292 1419 1340 ant

80 1393 208 1463 propter
229 1381 379 1458 stipendia
401 1383 526 1440 emerita
547 1392 599 1440 aut
618 1392 739 1459 propter
757 1401 853 1459 genus
869 1384 1035 1460 insignibus
1051 1383 1171 1441 selectis
1186 1383 1224 1440 ad
1239 1383 1323 1460 regie
1337 1384 1419 1441 iussa

81 1483 271 1562 exequendo.
316 1482 378 1542 Sed
398 1484 544 1560 quidquid
565 1484 704 1542 instituto
723 1483 860 1542 Romano
882 1486 1034 1561 proprium
1057 1495 1103 1544 est
1124 1495 1154 1544 et
1174 1486 1289 1544 formae
1309 1492 1418 1556 certae,

82 1601 115 1647 nt
136 1597 211 1646 aunt
231 1586 355 1644 comites
378 1585 609 1644 domesticorum
632 1595 663 1644 et
683 1587 815 1662 equitum
838 1587 1029 1662 peditumque
1052 1589 1174 1646 scholae
1196 1587 1314 1663 alisque
1331 1587 1420 1662 plura

82 1709 151 1750 cum
174 1689 256 1766 apud
271 1687 406 1746 Francos
428 1705 489 1744 non
510 1688 708 1760 inveniantur,
730 1709 746 1747 e
764 1689 912 1747 contrario
928 1707 999 1746 cura
1014 1691 1152 1748 villarum
1168 1689 1420 1766 praediorumque

82 1793 236 1869 regiorum
257 1799 318 1848 tam
341 1789 499 1848 Francicis
521 1789 693 1848 domesticis
715 1791 838 1867 propria
853 1791 892 1849 sit
906 1807 996 1866 quam
1012 1811 1030 1848 a
1044 1793 1264 1868 protectoribus
1280 1791 1420 1849 domesti-

83 1896 128 1952 cis
143 1893 290 1952 Romauis
313 1893 422 1962 aliens,
444 1891 581 1967 equidem
602 1891 778 1951 crediderim
802 1893 858 1951 hos
881 1893 1005 1969 originis
1025 1911 1093 1953 esse
1109 1892 1307 1953 Germanicae
1324 1903 1353 1950 et
1368 1911 1419 1951 vo-

84 1995 193 2056 cabulo
215 2003 329 2054 tantum
351 1993 487 2053 Latinos.

129 2384 296 2446 Domestiei
317 2386 355 2443 de
377 2386 487 2461 quibus
509 2385 624 2462 egimus
646 2404 711 2444 cum
734 2393 892 2462 propterea
913 2387 956 2444 ita
976 2387 1175 2464 appellentur,
1197 2387 1277 2463 quod
1299 2404 1419 2445 versan-

89 2489 186 2546 turin
210 2488 298 2546 domo
320 2487 510 2565 imperatoris
532 2486 581 2560 (Ο.
598 2488 654 2546 Tb.
672 2487 700 2560 6,
716 2487 767 2558 24,
783 2488 830 2563 8),
857 2488 894 2546 de
921 2489 1093 2548 domesticis
1120 2489 1301 2564 privatorum
1330 2505 1420 2563 quae-

90 2591 157 2648 dam
179 2588 318 2648 addenda
340 2599 426 2660 suot,
455 2589 596 2665 quoniam
619 2589 641 2647 ii
663 2590 772 2666 stipsi
794 2590 871 2648 inter
892 2589 992 2648 officia
1012 2599 1094 2649 certa
1115 2600 1146 2650 et
1166 2591 1285 2667 publiea
1310 2591 1422 2666 recepti

91 2691 314 2767 ambiguitatem
335 2701 488 2768 generant,
511 2690 596 2750 cuius
618 2691 671 2766 qui
691 2691 821 2751 fortasse
842 2693 917 2750 hoec
930 2693 1078 2752 curabunt
1093 2692 1228 2752 videntur
1242 2692 1422 2751 admonendi

92 2811 167 2854 esee.

133 2895 243 2956 Officia
263 2895 386 2972 publica
406 2896 459 2970 qui
480 2894 702 2967 administrant,
728 2897 765 2954 iis
787 2904 904 2972 praeter
926 2896 1073 2955 officiales
1101 2897 1236 2955 mercede
1257 2897 1421 2956 conductos

93 2999 203 3058 adsum
222 2997 345 3056 comites
367 2997 481 3056 ordinis
502 2997 697 3070 honestioris,
724 2998 776 3072 qui
797 2997 866 3056 licet
887 3017 1008 3075 operam
1030 2998 1102 3058 dent
1123 3001 1153 3058 in
1175 3019 1207 3058 re
1229 2999 1351 3077 publica
1372 2999 1422 3056 sd·

95 3099 289 3160 miniausnda
309 3109 340 3158 et
361 3110 520 3176 propterea
542 3099 603 3157 iam
622 3098 735 3158 liberae
756 3099 800 3157 rei
821 3099 960 3176 publicae
982 3110 1079 3160 aetate
1094 3101 1130 3159 de
1145 3101 1264 3176 publico
1280 3101 1424 3160 salarium

95 3203 250 3278 accipient,
271 3219 341 3258 vere
361 3219 458 3276 neque
479 3200 626 3258 officiales
649 3209 719 3259 sunt
740 3219 836 3277 neque
858 3203 1061 3278 magistratus,
1085 3203 1162 3261 unde
1177 3201 1296 3261 Notitia
1309 3202 1424 3280 Digna-

96 3305 172 3362 tium
191 3311 332 3378 utrosque
352 3319 511 3361 recensens
534 3303 591 3360 hoc
612 3319 705 3378 genus
727 3302 815 3378 plane
837 3303 949 3362 omisit.
985 3304 1116 3380 Propius
1138 3313 1237 3362 tamen
1257 3305 1295 3362 ad
1315 3305 1424 3380 magia-

97 3416 194 3463 tretua
215 3405 374 3476 secedunt3
400 3404 479 3462 unde
501 3421 629 3479 corpora
653 3403 727 3462 iuris
755 3403 885 3480 (Dig.'l,
901 3405 959 3476 223
986 3404 1062 3465 (lod.
1085 3405 1201 3464 Theod.
1219 3408 1247 3476 1,
1263 3405 1319 3476 35;
1348 3403 1423 3464 ch.

97 3505 175 3565 lust.
191 3507 215 3577 l,
230 3507 283 3582 51)
310 3505 348 3563 de
369 3506 407 3565 iis
430 3515 521 3582 agunt
541 3505 571 3562 in
594 3505 652 3564 fine
677 3513 822 3564 tractatus
850 3506 886 3565 de
913 3508 1136 3586 magistratibus
1164 3507 1293 3584 publicis
1319 3506 1424 3584 populi

97 3607 233 3666 hmani.
279 3607 363 3667 Inter
389 3607 539 3666 adiutores
566 3624 619 3666 eos
644 3625 710 3665 cum
737 3626 792 3683 per
817 3608 942 3666 multum
968 3618 1086 3685 tempus
1114 3609 1215 3668 nullus
1241 3608 1370 3667 emineat
1396 3617 1426 3665 et

98 3719 209 3768 eertum
228 3709 257 3768 in
276 3729 309 3768 rc
332 3709 451 3787 publica
471 3709 569 3767 locum
590 3715 692 3768 teneat
712 3717 830 3784 praeter
857 3710 1061 3781 adsessorem,
1088 3719 1194 3787 postea
1221 3709 1281 3768 duo
1309 3709 1359 3768 olii
1387 3710 1425 3768 ad

99 3811 181 3868 hune
198 3811 338 3870 accedunt
360 3811 540 3870 domesticus
567 3817 597 3867 et
623 3811 834 3881 cancellarius3
861 3830 922 3887 quo
948 3813 1097 3888 pertinent
1122 3813 1201 3871 tituli
1228 3812 1316 3871 modo
1342 3812 1425 3869 citati

102 3911 250 3988 utriusque
271 3912 385 3972 codicis
408 3914 442 3971 dc
463 3911 675 3982 adsessoribus,
704 3914 862 3970 domesticis
885 3923 911 3970 et
932 3915 1122 3973 cancellariis.
1165 3915 1205 3972 Et
1223 3923 1259 3979 ,ut
1280 3913 1425 3973 cancella·

99 4013 178 4072 rium
197 4015 373 4087 omittamus,
394 4014 550 4074 domestici
571 4013 697 4091 huius⁴)
719 4033 758 4072 ex
773 4014 936 4074 matriculis
951 4035 1028 4092 quae
1044 4025 1205 4094 supersunt
1220 4034 1280 4074 una
1294 4015 1428 4074 meminit

101 4207 298 4218 ———-—-.

166 4335 186 4398 ι)
202 4339 261 4390 Vas.
280 4341 324 4400 10,
345 4340 378 4388 11
399 4333 443 4402 (ci.
465 4335 523 4398 ltlr
551 4339 739 4404 primiceriatus
763 4341 807 4406 qui
830 4347 854 4390 ct
877 4339 1053 4390 domesticatus
1074 4339 1216 4390 cominatur
1240 4337 1272 4388 od
1291 4335 1428 4388 indictione

103 4423 178 4477 XIV
190 4427 233 4478 tibi
248 4429 399 4495 conficimus
417 4427 571 4495 dipsituteau.
609 4431 678 4480 Vide
697 4447 774 4496 supra
792 4447 817 4496 p.
835 4433 894 4482 137.

166 4517 187 4580 ¹)
202 4521 266 4572 llam
285 4523 356 4587 quod
375 4537 421 4572 rex
442 4521 589 4573 Gaisericus
608 4537 665 4572 cum
685 4523 796 4587 quodam
816 4539 848 4573 ex
868 4525 1018 4589 proceribus
1036 4525 1149 4590 loquitur
1165 4519 1340 4591 praescmidas
1361 4521 1427 4588 epia·

103 4613 260 4679 aptiorque
277 4613 421 4664 domesticis
438 4613 492 4664 sais
510 4613 610 4673 (Victor
622 4615 737 4665 Vitensis
753 4617 777 4677 1,
792 4615 817 4677 6,
833 4615 890 4678 19),
918 4623 1005 4681 aperte
1025 4617 1101 4666 aulici
1124 4617 1267 4666 saeculares
1290 4615 1328 4664 ita
1350 4613 1428 4678 signi·

102 4705 218 4766 amru,
235 4707 401 4771 similiterque
421 4707 564 4770 accipiendi
582 4712 642 4756 aunt
660 4707 793 4756 domestici
814 4709 909 4758 ibidem
932 4709 1063 4770 1,11‚35
1083 4715 1108 4757 et
1129 4709 1153 4768 2,
1168 4710 1193 4769 t,
1209 4709 1252 4757 24.
1288 4706 1350 4756 Alio
1370 4705 1428 4754 loco

105 4797 133 4854 3,
149 4795 184 4844 17
202 4815 232 4838 =
251 4799 305 4858 5‚4
323 4798 393 4848 idem
413 4797 565 4848 vocabulum
585 4799 636 4847 iam
657 4799 785 4848 sublatum
805 4807 843 4849 ast
861 4806 950 4865 utpote
969 4800 1159 4864 interpolatum.

170 4881 294 4944 3111ο111
312 4890 389 4954 plene
408 4892 529 4954 exposuit
541 4891 669 4941 waitzius
688 4889 803 4941 deutsche
819 4887 1126 4958 Verfassunpspescliclte
1145 4887 1204 4952 11³,
1226 4893 1242 4939 2
1261 4905 1287 4954 p.
1300 4889 1335 4939 45
1356 4903 1410 4952 seq.

170 4975 194 5036 ⁴)
211 4979 264 5044 Egit
280 4982 312 5031 de
331 4983 475 5032 domestico
494 4982 543 5032 boc
563 4981 740 5033 Gothoiredus
759 4983 793 5032 ad
812 4983 842 5034 C.
856 4985 907 5034 Tb.
920 4985 942 5046 1,
965 4985 997 5034 12
1019 4983 1081 5046 (ism
1102 4983 1146 5044 35)
1174 4989 1199 5033 et
1217 4984 1245 5032 iu
1263 4979 1385 5046 paratitlo
1404 4987 1430 5029 et

106 5068 143 5118 sd
165 5065 210 5115 18
227 5072 296 5121 soliis
314 5073 442 5136 doctriua,
462 5089 514 5124 non
534 5075 611 5125 solita
629 5075 759 5126 felicitate.
792 5075 912 5125 Conferri
931 5083 1051 5142 poterunt
1070 5077 1132 5126 item
1150 5077 1302 5141 interpretes
1318 5073 1352 5123 ad
1365 5073 1429 5124 Am·

108 5161 223 5210 nisum
242 5163 279 5224 rt,
293 5165 318 5226 6,
333 5169 357 5215 l.
