3524 5932
200 1668 277 1782 ΟΒ
285 1667 722 1784 saturitates
760 1669 1238 1784 llPlGllllPHIOAll.

220 2093 377 2152 XXXIX.
420 2091 633 2155 PRINOEPS
657 2089 818 2154 OFFIOII
839 2091 983 2154 AGENS
1006 2092 1054 2154 IN
1075 2093 1218 2155 Russvs.

101 2267 222 2327 lacobus
245 2267 458 2338 Gothofredus,
481 2269 531 2344 qui
551 2268 679 2326 labentis
702 2267 744 2325 rei
767 2268 902 2346 publicae
925 2267 1079 2328 Romanae
1100 2270 1236 2328 notitiam
1257 2269 1300 2327 ita
1321 2267 1388 2326 lun·

68 2367 152 2439 davit,
180 2378 211 2427 ut
232 2369 319 2428 nobis
341 2371 479 2429 omnibus
503 2371 600 2429 adhuc
627 2371 667 2428 sit
692 2389 827 2429 summus
851 2370 1007 2449 magister,
1037 2389 1114 2447 quae
1139 2369 1175 2428 de
1202 2370 1386 2447 principibus

67 2471 220 2530 officiorum
244 2473 423 2549 exposuitl)
446 2473 483 2531 ab
501 2492 537 2532 eo
553 2472 621 2530 inde
637 2483 770 2549 tempore
787 2483 820 2530 ut
835 2472 896 2531 alia
909 2473 1052 2550 pleraque
1068 2475 1097 2531 in
1113 2472 1287 2532 enchiridiis
1302 2491 1388 2550 repe

67 2579 166 2632 tuntur.
211 2569 272 2633 Sed
293 2574 340 2632 vel
363 2575 475 2652 optimo
497 2575 572 2634 duce
594 2574 754 2650 adsumpto
776 2575 890 2651 passim
914 2576 1007 2634 errari
1029 2576 1086 2634 hoc
1108 2593 1227 2651 quoque
1249 2575 1387 2650 exemplo

67 2677 261 2748 confirmatur,
289 2695 386 2752 neque
407 2693 455 2735 res
477 2677 600 2754 indigna
626 2685 673 2735 est
699 2695 777 2753 quae
803 2676 975 2752 diligentius
1002 2677 1222 2747 consideretur3
1251 2675 1281 2734 id
1308 2677 1387 2735 enim

66 2779 136 2851 quod
158 2778 366 2836 difficillimum
389 2779 445 2838 tuit
466 2780 541 2837 tanti
562 2777 679 2855 imperii
702 2779 990 2837 administrationem
1012 2780 1049 2838 ab
1072 2797 1132 2837 una
1154 2779 1225 2836 sede
1244 2779 1388 2836 contineri

66 2889 90 2935 et
109 2882 178 2956 regi,
200 2882 265 2939 eius
288 2883 331 2938 rei
354 2898 413 2938 non
435 2880 559 2938 minima
580 2897 650 2955 pars
672 2881 728 2938 tuit
749 2879 917 2959 principum
938 2881 1107 2939 institutum
1129 2880 1200 2939 licet
1221 2880 1259 2938 sd
1276 2879 1388 2939 officia-

65 2979 102 3037 les
123 2982 204 3040 solos
226 2982 390 3059 pertinens.
426 2981 505 3040 Nam
528 2983 607 3058 quod
630 3001 707 3040 nunc
732 3000 803 3040 usus
826 2983 957 3041 ostendit
979 2985 1067 3042 rebus
1090 2983 1228 3059 gerendis
1245 3001 1304 3041 non
1319 3001 1388 3039 raro

65 3084 152 3159 magis
173 3101 316 3160 praeesse
339 3085 389 3159 qui
412 3084 634 3160 magistratibus
660 3102 766 3159 parere
791 3084 929 3143 dicuntur
957 3103 1047 3160 quam
1073 3085 1156 3162 ipsos
1184 3085 1388 3162 magistratus,

65 3184 91 3240 id
110 3186 185 3263 apud
209 3185 362 3244 Romanos
386 3203 505 3262 quoque
529 3186 670 3256 obtinuit;
693 3187 770 3244 inter
792 3186 938 3245 officiales
961 3197 1060 3246 autem
1082 3188 1172 3264 longe
1192 3186 1322 3262 primum
1344 3187 1389 3244 lo-

66 3287 296 3364 comprincipes
320 3287 488 3346 officiorum
511 3296 676 3347 tenuerunt.

102 3389 327 3448 Administratio
350 3389 469 3465 imperii
494 3389 686 3448 Diocletiana
708 3409 773 3449 cum
801 3391 831 3448 in
858 3389 926 3450 aliis
952 3390 1147 3466 aequabiliter
1173 3391 1310 3449 instituta
1334 3390 1390 3449 suit

64 3499 90 3545 et
114 3491 150 3547 ad
177 3490 302 3550 eandem
328 3491 457 3549 formam
483 3500 603 3563 exacta,
633 3501 695 3550 tum
722 3493 899 3569 quicumque
927 3492 1090 3550 secundum
1118 3511 1183 3550 eam
1211 3501 1263 3550 aut
1289 3492 1391 3551 civilia

65 3593 173 3668 negotia
196 3593 423 3663 administrant,
453 3594 513 3651 sive
534 3613 589 3668 per
610 3603 710 3671 partes
733 3595 864 3669 imperii,
888 3593 1003 3652 scilicet
1025 3594 1167 3668 praefecti
1191 3595 1338 3671 praetorio
1361 3603 1391 3652 et

64 3694 171 3752 urbium
194 3695 318 3754 duarum
341 3695 506 3772 regiarum,
533 3695 597 3754 sive
619 3714 672 3770 per
693 3695 859 3766 dioeceses,
882 3696 998 3754 scilieet
1020 3695 1140 3766 vicarii,
1163 3696 1225 3753 sive
1247 3714 1300 3771 per
1322 3714 1391 3771 pro-

65 3797 184 3869 riocias,
212 3796 325 3854 scilicet
354 3797 550 3871 proconsules
578 3796 807 3874 praesidesque,
837 3807 889 3855 aut
913 3804 1056 3874 praesunt
1080 3798 1170 3856 rebus
1200 3797 1390 3870 militaribus,

65 3897 170 3956 scilicet
191 3917 245 3974 per
267 3898 376 3976 gradus
398 3899 533 3974 magistri
556 3899 697 3970 militum,
725 3899 863 3969 comites,
891 3899 997 3971 duces,
1024 3899 1083 3957 hoc
1104 3917 1261 3958 commune
1283 3898 1392 3957 habent

65 4000 198 4073 universi,
221 4008 253 4058 nt
276 4001 404 4078 singulis
427 4000 650 4076 magistratibus
672 4001 722 4076 qui
746 4000 927 4058 attribuntur
949 4000 1096 4060 officiales
1119 4008 1259 4078 regantur
1278 4001 1391 4076 aprin-

64 4101 125 4176 cipe
156 4099 264 4177 unol).
310 4100 425 4160 Contra
446 4103 629 4178 reliquorum
656 4103 884 4179 magistratuum
914 4103 1025 4176 officia,
1051 4103 1188 4180 magistri
1215 4103 1391 4174 officiorum,

64 4203 197 4262 comitam
220 4221 374 4262 sacrarum
397 4204 591 4283 largitionum
613 4215 642 4263 et
660 4225 756 4263 rerum
772 4205 968 4282 privatarum,
991 4206 1132 4263 comitum
1150 4205 1393 4275 domesticorum,

64 4306 221 4383 principem
244 4324 304 4364 non
327 4305 445 4365 habent.
489 4306 636 4384 Princeps
658 4306 708 4365 ille
730 4307 809 4365 unde
831 4308 931 4366 veniat
952 4315 1021 4366 eta
1049 4325 1108 4382 quo
1141 4307 1339 4366 constituatur
1366 4306 1393 4364 si

64 4409 188 4480 quaeris,
211 4407 282 4483 quid
305 4408 341 4466 dc
363 4427 399 4466 ea
418 4428 451 4466 re
473 4407 677 4484 disposuerint
692 4409 900 4468 Diocletianus
923 4410 1033 4485 quique
1055 4428 1122 4468 eum
1142 4409 1278 4486 proxime
1298 4409 1393 4466 secuti

64 4521 137 4582 sunt,
157 4511 348 4588 ignoramus,
371 4511 430 4568 nisi
452 4510 531 4587 quod
554 4510 725 4585 praesidum
748 4513 827 4586 parti
848 4511 1011 4588 principem
1026 4503 1156 4571 'missum
1178 4527 1246 4570 esse
1268 4529 1287 4567 a
1307 4529 1393 4587 prae·

64 4609 137 4669 fecto
167 4611 249 4671 urbis
269 4609 384 4670 Romae
418 4622 447 4670 et
478 4616 644 4689 imperante
674 4609 874 4672 Constantino
908 4623 938 4672 et
968 4631 1072 4672 rursus
1104 4615 1159 4672 sub
1181 4611 1393 4671 Valentiniano

121 4849 141 4912 ¹)
160 4853 314 4906 Praesertim
334 4857 367 4905 ad
388 4854 416 4904 C.
432 4855 481 4906 Th.
503 4855 527 4918 8,
547 4855 573 4916 t,
594 4855 636 4904 10.
683 4857 750 4906 Eum
775 4863 915 4921 sequuntur
939 4861 964 4906 et
989 4856 1033 4905 alii
1057 4863 1082 4905 et
1105 4854 1394 4920 Bethmann-Hollweg

67 4939 229 5010 Cicilprocess
248 4947 274 5008 3,
290 4947 350 4997 143.

120 5033 141 5097 ²)
160 5039 234 5088 Mero
253 5039 346 5088 calami
364 5053 448 5088 errore
467 5040 589 5103 magistro
609 5041 721 5091 militum
739 5057 784 5106 per
804 5041 934 5093 Orientem
953 5023 1155 5092 alteri'adscribi
1179 5040 1305 5106 principes
1328 5039 1393 5088 duos

64 5125 123 5177 Not.
136 5129 177 5180 Or.
193 5132 219 5194 6,
234 5131 268 5180 72
287 5137 361 5183 cntra
380 5129 487 5184 dubium
505 5139 550 5181 est.
