3524 5932
422 509 725 564 osssnvsrrouss
753 511 1036 563 arremarenses.
1324 490 1394 560 627

63 705 116 748 nec
139 704 238 744 rerum
260 684 334 743 ordo
356 684 408 760 qui
431 692 493 744 tum
515 685 572 744 fuit
593 692 672 743 recte
693 685 819 761 patitur,
847 693 880 742 ut
902 685 1062 762 dignitates
1084 684 1153 743 illae
1175 701 1267 760 supra
1287 683 1397 762 magis·

63 799 141 848 hum
164 787 332 846 officiorum
356 787 517 847 eminentes
540 796 629 862 caput
651 787 745 846 officii
767 788 804 844 ab
828 787 885 846 hoc
906 787 1082 862 acceperint.
1120 786 1229 863 Itaque
1250 793 1398 863 quatenus

63 889 225 952 secuudum
255 889 354 966 legum
383 896 516 948 tenorem
544 890 684 965 princeps
714 889 906 948 constituitur
939 888 1022 964 (nam
1050 887 1179 948 definitis
1213 889 1398 965 singulorum

63 993 231 1051 officiorum
258 991 359 1064 annis,
393 991 515 1050 definito
542 992 612 1050 item
640 991 743 1050 ordine
770 991 915 1050 officiales
944 1011 1013 1050 vere
1041 991 1152 1049 fiebant
1184 991 1279 1066 magis
1308 1008 1398 1066 quam

64 1095 267 1170 creabantur),
289 1094 319 1152 in
341 1093 422 1152 hisce
444 1092 552 1152 officiis
575 1094 751 1153 constitutus
774 1094 815 1152 sit
836 1111 956 1153 necesse
978 1100 1024 1152 est
1046 1113 1064 1152 a
1086 1094 1262 1171 magistratu
1282 1091 1329 1150 cui
1347 1111 1399 1168 ap·

63 1198 198 1274 parebat.

102 1297 264 1374 Principes
291 1297 423 1375 reliquos
457 1298 616 1374 quominus
644 1299 836 1357 constitueret
863 1298 1004 1374 magister
1035 1297 1199 1356 officiorum
1234 1314 1271 1354 ex
1298 1296 1401 1354 schola

63 1402 119 1464 sibi
142 1400 262 1460 subdita
283 1399 432 1476 agentium
456 1401 485 1458 in
510 1401 612 1472 rebus,
636 1401 765 1476 dignitas
784 1420 844 1458 noa
866 1400 1057 1477 impediebat,
1080 1419 1146 1458 oum
1162 1399 1296 1475 exceptis
1312 1417 1402 1475 supra

64 1502 153 1562 dictis
186 1502 380 1579 magistratus
420 1519 523 1559 omnes
555 1503 622 1578 ipse
654 1503 854 1579 praecederet.
913 1503 1031 1560 Pavent
1059 1501 1129 1560 item
1158 1501 1184 1558 ei
1215 1501 1401 1560 coniecturae

63 1604 307 1676 constitutiones,
330 1603 507 1678 ubicumque
532 1604 677 1662 eiusmodi
700 1604 867 1680 principum
890 1603 1035 1680 originem
1062 1613 1303 1674 commemorant,
1325 1603 1402 1660 hanc

63 1709 161 1784 ipsam
184 1703 375 1765 enuntiantes
387 1705 424 1782 ¹).
482 1705 622 1782 Denique
647 1702 762 1764 Notitia
789 1705 976 1782 Dignitatem
1004 1707 1116 1782 passim
1148 1706 1297 1782 significat
1321 1704 1401 1782 prin·

63 1810 158 1886 cipem
182 1808 261 1867 sumi
284 1809 317 1866 de
339 1807 436 1866 schola
459 1810 600 1884 tepentium
621 1811 651 1864 ia
672 1808 755 1866 rebus
782 1814 899 1865 etcum
926 1807 964 1865 ad
991 1808 1122 1883 reliquos
1149 1807 1294 1866 officiales
1319 1807 1403 1864 nulla

65 1911 173 1970 similis
188 1919 260 1968 nota
275 1927 400 1986 usquam
416 1908 566 1985 adscripta
581 1909 756 1986 reperiatur,
779 1927 844 1967 eam
860 1909 1036 1968 electionem
1051 1909 1235 1986 principibus
1248 1910 1402 1986 propriam

65 2030 146 2084 csse,
174 2011 305 2088 reliquos
329 2011 476 2069 officiales
499 2031 537 2069 ex
559 2012 626 2086 ipso
649 2010 748 2069 officio
770 2011 919 2086 proficisci
942 2029 1000 2069 non
1025 2013 1150 2070 obscure
1172 2011 1292 2070 indicat.
1338 2009 1404 2069 Noc

65 2115 226 2191 quisquam
247 2114 356 2190 opinor
377 2113 573 2172 dubitavisset
595 2112 633 2170 ad
654 2112 744 2170 huius
764 2114 881 2190 generis
898 2114 1047 2189 principes
1062 2131 1164 2172 omnes
1177 2132 1242 2172 eam
1258 2113 1401 2189 originem

64 2217 229 2294 pertinere,
257 2216 314 2274 nisi
335 2216 456 2273 obstare
478 2216 545 2273 visa
567 2223 646 2274 esset
666 2215 794 2273 formula
814 2216 849 2272 de
871 2216 963 2274 eodem
985 2217 1077 2292 officio
1099 2217 1212 2291 passim
1234 2216 1264 2273 in
1286 2213 1405 2274 Notitia

66 2319 163 2376 obvia.
197 2317 272 2376 Eam
292 2317 407 2375 scilicet
428 2317 484 2374 viri
508 2316 585 2375 docti
607 2316 774 2375 maluerunt
789 2317 831 2375 ita
852 2318 1052 2394 interpretari,
1076 2327 1108 2376 ut
1128 2318 1174 2376 his
1196 2317 1295 2376 verbis
1311 2317 1404 2392 signi·

66 2421 169 2480 ficetur
190 2420 275 2496 origo
298 2439 337 2476 ex
358 2419 425 2494 ipso
448 2437 484 2476 eo
507 2417 543 2475 dc
565 2436 625 2494 quo
648 2420 736 2476 modo
757 2419 856 2495 agitur
877 2419 986 2492 officio,
1009 2438 1098 2496 quam
1120 2421 1230 2478 reterre
1257 2419 1295 2476 ad
1319 2437 1403 2494 prae·

66 2521 212 2593 cedentia,
234 2530 266 2579 ut
287 2521 331 2579 sic
353 2519 438 2597 origo
460 2520 604 2597 principis
625 2521 763 2597 proxime
785 2523 941 2580 memorati
963 2521 1002 2579 ad
1028 2529 1200 2605 sequentem
1223 2521 1404 2599 porrigatur,

66 2642 162 2699 neque
185 2623 251 2680 siue
274 2639 383 2694 causa;
412 2641 481 2680 nam
505 2621 683 2698 quibusdam
709 2622 783 2680 locis
810 2631 861 2681 aut
888 2623 972 2680 nulla
998 2623 1122 2700 originis
1149 2622 1290 2680 indicatio
1316 2641 1404 2698 prae·

66 2721 184 2799 abitt)
207 2725 306 2782 antei
328 2741 404 2800 quae
426 2724 563 2800 sequitur
584 2743 688 2800 parum
711 2723 832 2801 apta³).
872 2722 1078 2784 Nihilominus
1100 2725 1308 2800 interpretatio
1330 2724 1405 2782 haec
1457 2751 1460 2758 ·

66 2845 163 2903 neque
185 2826 285 2884 verbis
308 2835 387 2884 recte
410 2827 549 2884 convenit
571 2843 665 2902 neque
688 2844 720 2882 re
742 2827 907 2901 probabilis
930 2835 984 2886 est.
1030 2827 1166 2885 Primum
1189 2845 1255 2885 cum
1282 2828 1312 2886 in
1339 2827 1405 2885 uni·

66 2947 185 2988 versum
210 2928 247 2986 ad
268 2927 367 2986 locum
388 2928 418 2985 in
441 2928 541 2986 officio
562 2928 740 2986 eminentem
769 2947 807 2986 ex
833 2928 967 2988 eiusdem
989 2927 1081 2987 officii
1107 2928 1183 2987 locis
1210 2928 1403 2987 inferioribus

67 3030 273 3108 perveniatur,
301 3049 396 3107 paene
418 3030 549 3106 ineptum
571 3030 670 3088 estid
692 3031 853 3102 enuntiari,
883 3031 974 3107 plane
995 3049 1055 3088 non
1076 3030 1230 3089 serendum
1253 3040 1351 3090 autem
1374 3029 1404 3088 id

68 3133 217 3192 enuntiari
238 3132 269 3190 iu
291 3132 426 3208 principe
453 3131 532 3204 sole,
559 3151 625 3189 cum
655 3132 838 3207 reliquorum
865 3132 1120 3190 cohortalinorum
1150 3131 1285 3190 condicio
1313 3132 1404 3208 plane

66 3235 170 3294 eadem
195 3233 244 3292 sit.
289 3232 416 3291 Accedit
435 3233 516 3309 quod
537 3233 719 3311 principibus
743 3237 971 3312 magistratuum
994 3252 1192 3307 summorum,
1217 3251 1292 3310 quos
1320 3234 1403 3292 dubi-

68 3339 123 3396 tari
144 3354 207 3394 uon
228 3342 329 3413 potest
354 3353 424 3393 vere
450 3353 488 3392 ex
515 3335 590 3412 ipsis
617 3334 725 3394 officiis
753 3336 789 3395 ad
819 3355 885 3394 eum
914 3337 1012 3395 locum
1039 3336 1228 3412 pervenisse,
1256 3336 1405 3396 eiusmodi

65 3532 248 3600 praetorianas
265 3527 381 3580 cobortes
397 3535 422 3578 et
439 3526 551 3579 urbanae
565 3529 743 3596 praefecturae
762 3529 854 3580 milites
869 3529 1003 3580 videantur
1021 3531 1144 3580 invenisse
1153 3531 1298 3598 primatum,
1318 3548 1336 3580 a
1348 3531 1402 3598 qui·

69 3624 111 3675 bus
129 3623 178 3674 tibi
196 3622 287 3674 humile
305 3619 449 3672 solvebatur
468 3618 615 3688 obsequium,
637 3628 662 3672 et
677 3624 718 3683 ll,
736 3621 783 3673 35:
803 3624 929 3689 agentium
947 3624 974 3673 e'a
992 3621 1066 3673 rebus
1082 3622 1153 3674 miles
1166 3622 1245 3690 officii
1346 3621 1404 3672 ideo

67 3718 194 3785 principis
212 3729 299 3766 nomen
317 3712 409 3764 bebere
425 3714 573 3780 promeruit,
602 3714 664 3779 quia
681 3713 786 3764 militiae
804 3715 970 3765 armamentis
989 3721 1083 3766 ceteras
1106 3714 1235 3765 antecellit
1336 3721 1360 3764 ct
1378 3722 1407 3764 ut

68 3809 233 3860 reverentiam
247 3806 431 3875 praetorianae
449 3804 517 3855 sedis
535 3805 671 3866 extolleret,
693 3813 750 3856 tunc
770 3805 805 3856 ad
823 3809 876 3857 eiua
894 3808 962 3856 venit
980 3805 1120 3872 obsequium
1140 3804 1240 3873 quaudo
1258 3803 1405 3856 cacabulum

69 3903 151 3968 caepit
169 3897 261 3951 babere
278 3899 451 3966 praecipuum.
482 3899 582 3948 Verum
601 3905 639 3947 est
657 3899 703 3948 sub
724 3899 892 3964 dispositione
910 3899 1032 3964 praefecti
1051 3899 1122 3948 urbis
1145 3899 1250 3964 proprie
1273 3899 1404 3963 praesides

69 3994 155 4043 nullos
173 4007 237 4055 csse,
258 3992 304 4042 sed
323 3999 447 4056 quatenus
466 4005 481 4040 a
500 3991 620 4054 praeside
636 3991 779 4054 praefectus
796 3991 866 4040 urbis
887 3992 1030 4057 appellatur
1051 3989 1086 4052 (v.
1100 4007 1124 4054 p.
1137 3991 1210 4053 624),
1230 3997 1299 4042 recte
1313 3992 1406 4055 opinor

70 4086 196 4136 eiusmodi
215 4084 343 4149 praesidis
362 4084 521 4148 apparitores
540 4083 664 4132 militibus
683 4083 858 4148 praefecturae
878 4083 991 4134 urbanae
1010 4084 1219 4134 adnumerantur.
1264 4083 1404 4134 Conferen-

69 4177 118 4226 dns
137 4177 199 4226 item
218 4175 307 4240 Lydus
326 4175 358 4224 dc
378 4189 444 4239 mag.
464 4177 489 4237 2,
506 4176 539 4224 10
554 4194 587 4215 =
603 4175 629 4238 3,
642 4177 685 4224 40.

129 4267 154 4329 ¹)
172 4268 201 4318 G.
216 4268 267 4319 Th.
288 4265 314 4328 6,
333 4266 376 4328 28,
396 4267 411 4316 3
432 4281 455 4316 a.
470 4267 537 4317 386:
563 4272 664 4333 agentes
677 4267 703 4315 in
721 4265 795 4317 rebus
811 4274 871 4334 post
884 4267 998 4334 palmam
1016 4265 1113 4318 laboris
1132 4267 1229 4318 emeriti
1241 4267 1406 4336 principatus

69 4359 163 4411 lauare
179 4373 344 4410 muneramus.
377 4359 449 4408 Idem
468 4357 578 4409 efficitur
597 4373 628 4408 ex
649 4359 873 4410 constitutionibus
892 4360 959 4422 aliis,
978 4367 1006 4408 nt
1026 4360 1051 4422 6,
1068 4361 1111 4422 28,
1128 4361 1143 4409 2
1163 4375 1187 4409 a.
1202 4359 1268 4421 3803
1290 4361 1315 4422 6,
1331 4357 1404 4422 29,6

69 4467 93 4501 ι.
107 4453 176 4516 3815
203 4451 229 4516 6,
248 4453 292 4515 26,
312 4450 328 4500 6
348 4451 453 4514 6393,
478 4451 503 4514 6,
522 4451 566 4513 28,
586 4452 601 4500 7
621 4452 725 4514 a.410;
752 4449 776 4513 6,
796 4454 874 4513 28,8
900 4451 991 4502 e.435
1012 4458 1074 4514 eet.;
1098 4453 1160 4502 item
1185 4467 1218 4502 cx
1238 4451 1405 4502 Cassiodoria

68 4559 124 4594 rar.
141 4545 183 4607 ll,
202 4545 246 4595 36.

129 4633 154 4696 ²)
174 4637 277 4689 Scilicet
295 4635 341 4686 Or.
360 4638 409 4698 20,
430 4639 464 4686 10
488 4637 607 4700 princeps
626 4635 706 4686 officii
730 4636 891 4700 proconsulis
914 4635 1030 4686 Achaiae
1056 4637 1150 4687 dicitur
1168 4650 1223 4686 esse
1244 4627 1291 4688 ‘de
1314 4635 1405 4686 eodem
1490 4657 1493 4660 ·

69 4719 183 4790 officio’3
202 4730 366 4794 magistratus
386 4735 471 4778 autem
492 4729 535 4794 qui
555 4729 711 4794 praecedunt
728 4729 846 4792 principe
864 4735 959 4778 carent.

130 4817 154 4880 ⁵)
171 4821 212 4870 Ita
232 4821 292 4871 Oce.
308 4821 351 4882 32,
366 4821 399 4870 61
421 4821 480 4870 duci
499 4820 652 4870 Pannoniae
670 4821 796 4870 secundae
815 4822 891 4870 datur
907 4811 1038 4886 ‘princeps
1057 4820 1089 4870 tle
1109 4822 1200 4870 eodem
1220 4813 1318 4870 officio'
1338 4820 1405 4880 (cum

69 4913 204 4977 excipiant
224 4913 271 4972 33,
293 4913 327 4962 67
349 4903 481 4977 ‘princeps
506 4912 538 4961 de
561 4914 652 4962 eodem
676 4908 771 4962 offleio'
804 4912 1010 4962 ducisValeriac
1035 4920 1061 4961 ct
1081 4913 1129 4974 ³4,
1154 4915 1188 4962 48
1217 4902 1347 4976 ‘princeps
1374 4914 1406 4963 de

70 5003 163 5054 eodem
182 4995 300 5068 corporc'
319 5005 392 5054 ducis
405 5004 557 5055 Pannoniae
577 5003 696 5069 primae);
722 5005 782 5053 item
803 5005 895 5065 38,11
917 5005 976 5053 duci
994 5003 1112 5068 Belgicae
1132 5005 1259 5054 secundae
1275 4995 1406 5070 ‘princeps

70 5111 104 5146 ex
125 5097 214 5147 eodem
233 5091 360 5161 corpore',
380 5112 438 5146 eum
457 5097 481 5146 ei
495 5097 539 5162 qui
551 5098 680 5161 praecedit
699 5097 757 5146 duci
776 5097 894 5161 princeps
915 5095 1041 5145 tribuatur
1058 5086 1102 5146 'ex
1120 5096 1213 5146 officiis
1227 5097 1405 5161 magistrorum

69 5175 180 5239 militurn
198 5178 416 5252 praesentalium'.
