3628 5954
328 433 374 503 26
761 449 1035 500 ADDITAMENTA
1062 447 1144 500 voa.
1166 448 1207 499 111
1571 451 1653 501 ae-ar

325 630 423 704 copiae
444 626 582 684 militares
600 624 754 686 Corbuloni
773 627 939 700 permissae,
963 632 996 682 ut
1015 623 1105 682 simul
1121 623 1288 682 tetrarchae
1303 641 1339 682 ae
1353 641 1438 700 regas
1452 623 1654 701 praefectique

325 736 355 790 et
383 735 589 807 procuratores
622 728 815 786 finitimarum
848 727 1069 804 prouinciarum
1101 725 1165 784 eius
1197 726 1287 785 iussis
1320 725 1444 802 obsequi
1476 725 1653 788 iuberentur.

324 831 453 909 Liparae
475 829 599 907 Aequati
620 849 676 906 pro
700 839 833 905 pruetore
865 829 970 887 horum
996 829 1150 887 titulorum
1178 829 1221 886 ita
1246 827 1362 887 videtur
1389 827 1592 914 accipiendus,
1622 837 1654 887 ut

325 944 355 992 et
382 933 649 993 extraordinarium
676 931 751 990 illud
777 931 932 1009 imperium
958 931 1081 990 haberet
1113 939 1143 989 et
1175 930 1265 990 solito
1298 938 1414 1008 regeret
1441 927 1590 990 Galatiam
1624 940 1653 990 et

325 1035 556 1115 Cappadociam.
579 1069 620 1077 —
645 1035 758 1093 Ibidem
781 1033 906 1093 Tacitus
928 1033 1020 1092 refert
1041 1035 1117 1092 iuter
1139 1032 1215 1092 alias
1237 1033 1372 1111 legiones
1395 1051 1461 1090 eum
1484 1033 1599 1092 tertiam
1622 1035 1652 1092 in

325 1139 496 1198 Armeniam
516 1139 671 1211 accivisse,
693 1155 771 1214 quae
793 1137 848 1195 hos
871 1137 975 1214 cippos
999 1136 1109 1214 posuit.
1134 1170 1172 1179 -
1195 1135 1232 1195 T.
1249 1134 1392 1193 Aurelius
1407 1135 1522 1194 Fulvus
1537 1133 1652 1213 legatus

324 1241 451 1318 legionis
474 1241 538 1299 eius
561 1241 730 1299 nominatus
753 1239 853 1316 paullo
876 1251 945 1314 post
959 1238 1038 1316 apud
1055 1238 1192 1297 Tacitum
1214 1237 1297 1314 (hiet.
1313 1240 1339 1310 l,
1356 1236 1408 1312 80)
1432 1256 1505 1297 avus
1521 1247 1568 1296 cat
1581 1237 1651 1315 imp.

324 1343 373 1402 Pii
399 1343 440 1420 (v.
464 1341 567 1402 Herm.
582 1344 603 1402 l.
620 1361 644 1402 c.
667 1361 696 1419 p.
714 1340 797 1418 296).
847 1341 971 1400 Praeter
997 1340 1240 1400 cousuetudinem
1267 1349 1298 1400 et
1323 1359 1440 1411 errore,
1468 1349 1500 1397 ut
1528 1339 1651 1412 videtur,

324 1444 438 1503 Neroni
460 1445 649 1521 imperatoris
672 1445 848 1504 vocabulum
870 1444 917 1502 bis
939 1443 1026 1502 datur
1047 1444 1103 1515 ita,
1132 1451 1163 1502 ut
1185 1443 1284 1519 priore
1309 1442 1375 1502 loco
1401 1461 1461 1500 non
1488 1460 1541 1520 pro
1567 1462 1650 1519 prae·

325 1547 443 1606 nomine
465 1546 659 1620 adscribatur,
682 1548 733 1608 sed
756 1547 917 1607 collocetur
939 1556 1006 1623 post
1027 1545 1212 1625 cognomina.

650 1909 821 1971 SATALA
843 1909 995 1988 (Sauara)
1018 1909 1178 1968 Armeniae
1200 1909 1332 1968 minoris.

323 2064 371 2125 36
392 2066 423 2124 in
445 2065 553 2125 litteris
577 2076 727 2126 remanent
748 2067 875 2147 vestigia
896 2069 989 2127 minii.
1028 2066 1148 2144 Sadaga
1170 2061 1246 2145 (144
1260 2065 1321 2124 mil.
1338 2081 1438 2143 geogr.
1454 2063 1484 2122 in
1506 2065 1650 2124 orientem

365 2189 384 2226 a
409 2166 822 2242 Sehcbohaue·Karahissar,
849 2171 946 2230 lmil.
968 2189 1068 2248 geogr.
1090 2171 1167 2228 inter
1192 2187 1236 2226 or.
1258 2174 1288 2226 et
1309 2177 1383 2244 sept.
1410 2187 1429 2225 a
1448 2167 1655 2228 Melikscherif

366 2295 402 2320 =
420 2271 577 2330 Arauraca
591 2271 819 2350 Hiascuraau),
842 2276 892 2334 ubi
907 2274 1045 2332 videntur
1060 2273 1152 2331 fuisse
1168 2270 1272 2333 Satala
1287 2270 1445 2328 Armeniae
1461 2290 1526 2330 cum
1542 2272 1650 2330 castris

364 2372 421 2451 leg.
437 2372 497 2430 XV
520 2373 714 2448 Apollinaris.

856 2529 874 2572 C

848 2633 900 2674 lVN

882 2735 943 2776 ΝΑΕ
965 2735 985 2775 D

847 2836 987 2879 ATTlCA
1010 2837 1070 2880 DlS
1089 2836 1135 2877 DA

760 2942 772 2981 5
867 2938 907 2980 'l'A
930 2939 992 2982 svra
1014 2939 1113 2982 Tvnaa

871 3041 1075 3084 contituta

928 3142 1085 3186 MEORVM

851 3247 938 3289 ROMA
967 3246 1033 3287 lllllll
1064 3247 1117 3288 ΤΕΙ.

872 3347 927 3388 tvs
948 3347 1050 3390 GENVS
1070 3349 1101 3390 ΙΝ

748 3455 773 3492 10
872 3451 911 3492 DE
933 3449 985 3492 SET
1007 3451 1095 3494 HOSPl

872 3553 911 3593 TA
934 3551 1024 3594 SEDES

322 3693 491 3756 Guilelmus
507 3696 629 3755 Ererett
650 3711 801 3773 proxenus
817 3692 934 3772 Anglus
956 3693 987 3751 iu
1003 3691 1202 3753 Kurdistania
1216 3694 1298 3754 misit
1311 3693 1449 3755 Gustare
1464 3694 1651 3769 Hirschfeld,

319 3797 540 3858 Hirschfeldius
562 3799 643 3857 mihi.

362 3901 380 3958 4
403 3900 439 3960 de
461 3916 480 3958 τ
503 3903 601 3978 priore
623 3900 778 3960 dubitabat
800 3899 981 3958 Euarettius.
1010 3930 1050 3942 -
1078 3898 1185 3958 Potest
1206 3899 1302 3960 fuisse
1324 3900 1361 3958 ad
1385 3901 1440 3960 hoo
1461 3901 1649 3975 exemplum:

319 4044 423 4061 .....
440 4001 578 4079 [Atticae]
605 4001 651 4061 C.
668 4045 675 4060 .
693 4047 699 4061 .
717 4047 724 4061 .
741 4044 749 4060 .
765 4045 772 4059 .
789 4001 944 4076 Iun[r'unaa
959 4001 1099 4076 semi]ooe
1115 4001 1254 4078 dsiqnuet
1292 4001 1432 4080 Sequitur
1446 4003 1650 4080 epigrammata

564 4123 661 4182 Attiou
683 4125 727 4182 dia
751 4126 820 4181 duta
841 4142 903 4181 aaut
925 4122 1008 4180 turbu
1031 4127 1162 4182 comitutu
1183 4139 1325 4182 tuomum:

564 4226 656 4285 Romu
676 4226 746 4284 ruila'
767 4225 867 4285 tollae.-
884 4243 973 4302 penus
995 4225 1077 4284 iudo:
1099 4235 1142 4284 aet
1161 4227 1275 4302 hospita
1296 4227 1384 4286 aedae.

318 4345 435 4425 Nempe
458 4347 577 4425 hospita
599 4357 678 4406 terra
699 4347 844 4407 Armenia
864 4347 1017 4406 Romanae
1039 4346 1158 4406 mulieri
1180 4348 1281 4407 sedem
1303 4361 1452 4408 aeternam
1475 4349 1564 4408 dedit.

323 4566 772 4577 ———-—--—.--—-.-—

797 4771 1016 4835 TRAPEZVS
1039 4772 1081 4851 (p.
1098 4773 1162 4849 46).

318 4937 364 4998 ³7
387 4939 424 4996 ad
446 4960 473 4998 n.
490 4939 560 4998 236.
604 4939 708 4998 Edidit
729 4941 799 4999 item
820 4941 953 5000 Pericles
976 4940 1251 5017 Triantaphyllides
1279 4939 1295 5012 ἦ
1321 4939 1349 4998 ἓν
1377 4933 1474 5018 Πόντῳ
1493 4939 1648 5016 ‘Elapsum‘

360 5032 437 5116 φυλὴ
460 5029 519 5110 ἦτοι
542 5033 578 5098 roi
593 5034 714 5099 Ποντικὰ
736 5042 879 5119 (Athenis
897 5042 991 5119 1866)
1012 5061 1041 5118 p.
1059 5044 1108 5115 53,
1130 5043 1180 5119 qul
1196 5044 1270 5122 legit
1285 5046 1301 5103 3
1314 5048 1406 5106 cAtlAt
1428 5077 1469 5088 -—
1491 5046 1519 5103 3.
1532 5045 1551 5103 4
1566 5061 1649 5106 TRO-

359 5157 467 5202 cavoo
490 5159 560 5202 raas
576 5175 582 5188 ·
598 5159 657 5202 uso
674 5189 680 5203 .
698 5188 704 5203 .
722 5189 728 5202 .
752 5145 885 5205 versibus
907 5144 993 5204 aliter
1013 5143 1130 5204 divisis.
