3524 5932
424 512 731 570 oasaavsmonas
757 513 1045 567 smaasrmcas.
1329 493 1400 565 635

65 690 176 746 ordiris
199 688 301 747 labcat
323 691 488 766 dignitatem
497 689 537 766 ¹).
577 689 711 749 Comites
732 691 763 748 hi
786 690 937 748 honorarii
959 689 1119 765 aliquoties
1139 695 1348 756 memorantur,
1370 695 1404 745 ut

67 791 97 848 iu
118 790 186 868 lege
208 809 235 850 a.
253 790 312 850 395
336 788 674 868 (0.Th.1a‚1,150):
698 792 823 852 curiales
845 795 895 869 qai
916 792 1097 850 honorariam
1118 792 1216 866 adepti
1236 800 1303 848 suat
1322 792 1405 848 comi·

65 896 164 963 tirum,
193 899 224 952 et
246 893 384 952 similiter
407 901 496 970 atque
517 893 568 952 hio
588 893 698 954 sactum
721 903 768 954 est
789 904 980 971 opponuntur
1000 894 1076 972 ipsis
1100 893 1257 952 comitibus
1284 910 1302 949 a
1324 889 1404 951 Gon·

66 995 177 1054 stantio
201 1014 228 1054 a.
246 996 304 1055 353
327 995 424 1055 ordini
441 994 735 1074 Carthaginiensium
759 996 802 1054 sio
823 997 1004 1056 rescribente
1025 994 1076 1071 (0.
1092 995 1149 1053 Th.
1170 993 1348 1069 11,1,41);
1372 1011 1419 1051 ec'

62 1098 210 1156 comitibus
232 1108 257 1156 et
279 1117 312 1156 aa
329 1100 517 1174 praesidibus
539 1102 665 1158 uniuersi
691 1103 842 1176 ceterique,
871 1102 921 1174 qai
947 1102 1006 1158 siaa
1032 1100 1277 1158 administratione
1302 1098 1403 1156 adum·

63 1201 213 1260 bracarum
235 1203 404 1277 dipaitatum
431 1201 576 1260 codicillos
599 1203 768 1261 honorarius
789 1205 942 1260 meruerint
1030 1203 1195 1277 fitnpaatur
1221 1200 1352 1259 oneribus
1379 1208 1404 1256 et

62 1303 218 1362 bonoribus
245 1306 394 1363 universis.
450 1301 632 1363 Constitutio
659 1324 685 1363 a.
703 1303 762 1362 385
791 1302 841 1380 (0.
862 1303 919 1361 Th.
945 1303 997 1376 12,
1021 1305 1048 1374 1,
1072 1303 1144 1378 109)
1173 1303 1261 1362 etiam
1290 1319 1401 1380 agono-

61 1406 160 1464 thesia
182 1405 347 1483 perfunctis
368 1406 529 1484 promittit,
557 1414 591 1463 ut
617 1407 647 1464 in
669 1417 837 1482 perpetuum
863 1425 896 1464 aa
921 1406 1066 1465 comitibus
1090 1407 1225 1482 dipsitata
1248 1407 1402 1474 lactantum·

61 1518 228 1583 sequuntur
250 1527 327 1584 quas
349 1525 441 1584 supra
462 1508 562 1566 rettuli
585 1507 621 1564 de
643 1508 707 1565 iura
730 1508 825 1566 osculi
848 1518 878 1566 et
899 1526 1067 1568 consessus.
1107 1508 1281 1586 Appellatio
1304 1529 1336 1566 ea
1356 1525 1401 1565 co·

60 1613 125 1668 mita
149 1609 211 1680 vel,
234 1616 265 1667 ut
288 1611 343 1668 bac
366 1617 462 1669 aetate
484 1610 668 1686 frequentius
692 1610 809 1682 dicitur,
833 1630 865 1669 cc
887 1610 1033 1669 comitibus
1056 1610 1136 1686 (ridc
1160 1629 1251 1688 supra
1271 1631 1300 1688 p.
1316 1609 1399 1686 129),

60 1729 245 1787 quamquam
269 1713 359 1771 etiam
382 1713 482 1770 comiti
511 1712 651 1771 convenit
677 1713 728 1788 qui
755 1712 963 1771 administrare
990 1712 1094 1785 desiit,
1121 1713 1177 1772 lrac
1203 1719 1300 1772 aetate
1326 1723 1401 1771 tam·

61 1833 152 1890 quam
175 1814 378 1890 propriassit
399 1815 516 1873 comitis
537 1813 700 1883 honorarii,
722 1823 751 1872 et
773 1815 815 1873 ita
837 1815 958 1874 omniuo
980 1823 1143 1893 usurpatur
1164 1817 1194 1873 in
1215 1816 1300 1874 titulo
1321 1815 1400 1873 Tha-

60 1916 250 1992 mugadensi.
268 1916 358 1974 -Id
380 1917 478 1994 ipsum
500 1916 589 1976 etiam
613 1917 650 1976 ad
673 1917 810 1976 tribunos
833 1919 980 1992 pertinere
996 1926 1026 1976 et
1040 1918 1071 1976 in
1087 1935 1202 1976 summa
1218 1919 1256 1976 ad
1270 1918 1401 1976 honores

60 2019 210 2078 militares
231 2037 333 2078 omncs
355 2037 452 2094 neque
474 2027 573 2078 tamen
599 2019 636 2077 ad
658 2019 762 2078 civiles
789 2019 820 2077 in
846 2019 1092 2079 commentariolo
1119 2021 1155 2078 de
1181 2020 1401 2098 protectoribus

60 2121 172 2198 (supra
193 2141 222 2198 p.
239 2121 296 2180 129
313 2120 389 2196 seq.)
412 2139 507 2198 nuper
528 2120 742 2179 demonstravi.

104 2223 176 2282 Duo
198 2223 340 2281 comitum
362 2230 555 2299 generatam
577 2224 628 2298 qui
650 2223 681 2282 in
704 2223 962 2283 administratione
982 2233 1012 2282 et
1031 2235 1154 2302 propter
1168 2224 1401 2284 administratio·

61 2345 129 2383 nem
155 2325 325 2384 comitivam
349 2325 535 2402 accipiebant
556 2343 645 2400 quam
668 2325 837 2385 honorariis
861 2327 1006 2386 codicillis
1028 2329 1119 2386 creati
1142 2329 1197 2386 hac
1219 2336 1317 2386 aetate
1341 2326 1402 2403 ple·

60 2446 191 2504 rumque
212 2426 503 2502 comprehenduntur
525 2427 667 2486 vocabulo
689 2427 915 2500 honoratorum,
938 2429 975 2489 de
997 2449 1057 2506 quo
1080 2449 1157 2506 quae
1180 2430 1289 2488 tradita
1311 2430 1402 2489 habe·

61 2548 145 2601 mus,
179 2529 348 2589 admirabili
377 2530 513 2588 doctrina
542 2531 711 2607 composuit
740 2527 945 2591 Gothofredus
972 2531 1009 2590 ad
1036 2530 1072 2592 Ο.
1092 2533 1149 2591 Th.
1173 2532 1203 2604 1,
1226 2532 1258 2606 8,
1284 2534 1296 2589 1
1331 2549 1403 2591 suae

60 2633 213 2692 editionis.
263 2632 458 2710 Adlegabitur
485 2632 672 2692 solummodo
700 2633 875 2692 constitutio
897 2652 923 2693 a.
940 2634 997 2691 401
1024 2633 1329 2711 (Ο.Τ11.1,15,16)
1358 2642 1402 2693 ut-

60 2745 130 2812 pote
154 2735 192 2793 ad
216 2743 352 2794 nostrum
375 2743 580 2812 argumentum
604 2734 724 2811 proprie
744 2744 896 2810 spectans:
925 2736 1037 2794 nullum
1058 2741 1173 2813 penitus
1201 2737 1403 2795 bonoratorum

54 2839 176 2914 publica
198 2839 370 2897 salutatione
391 2841 452 2896 siaa
474 2837 631 2914 chlamydis
654 2839 814 2896 indumento
836 2841 976 2897 vicariam
989 2848 1158 2915 potestatem
1180 2841 1262 2897 adira
1284 2848 1400 2915 oportet.

101 2939 249 3016 Sequitur
270 2941 300 2998 in
323 2941 420 3017 primo
442 2941 537 3016 gradu
558 2951 683 3014 quartus
705 2940 778 2999 ordo
798 2941 1072 3012 administratorum,
1095 2961 1154 3018 quo
1170 2941 1315 3001 vocabulo
1331 2941 1403 3016 quid

59 3043 116 3102 boc
140 3043 211 3102 loco
233 3044 353 3120 proprie
374 3041 568 3120 significatur,
591 3041 702 3118 ambigi
724 3051 832 3119 potest.
877 3043 1099 3103 administrant
1120 3053 1199 3103 certe
1221 3044 1402 3120 quicumque

58 3147 216 3222 publicum
238 3143 369 3206 officium
393 3151 509 3222 gerunt,
531 3161 656 3221 praeses
677 3145 851 3221 provinciae
873 3155 903 3204 et
925 3146 1082 3205 rationalis
1105 3165 1289 3206 summarum
1310 3147 1403 3204 etsie

59 3248 216 3324 deinceps,
238 3247 414 3322 videturque
436 3246 581 3306 vocabulo
605 3246 856 3306 administratoria
879 3258 958 3307 recte
979 3249 1091 3324 opponi
1112 3250 1237 3309 alterum
1253 3248 1401 3321 officialis,

58 3361 93 3410 at
115 3351 169 3409 ille
192 3350 312 3426 publica
333 3349 453 3427 negotia
475 3356 570 3426 gerat,
592 3348 641 3406 hic
663 3350 778 3426 gerenti
797 3363 900 3426 pareat
915 3364 945 3409 et
959 3359 1112 3428 appareat.
1150 3349 1211 3410 Sed
1227 3353 1290 3410 eius
1306 3352 1402 3428 digui-

59 3455 134 3512 tatis
157 3452 414 3512 administratores
437 3451 485 3510 hic
505 3452 532 3510 si
555 3450 769 3528 significantur,
791 3453 842 3511 vix
867 3453 1000 3530 intellegi
1023 3461 1131 3531 potest,
1154 3473 1207 3512 cur
1224 3454 1402 3513 vocabulum

58 3555 211 3614 adiectam
233 3555 285 3626 sit3
309 3554 341 3613 bi
362 3554 440 3613 enim
463 3554 723 3614 administratores
746 3555 1039 3630 comprehenduntur
1060 3573 1162 3614 omnes
1186 3564 1238 3614 aut
1258 3557 1402 3615 senatori·

58 3659 119 3716 bus
142 3667 196 3716 aut
217 3669 296 3716 certe
318 3657 486 3716 comitibus.
525 3654 631 3732 Neque
654 3657 887 3716 obliviscendum
909 3666 964 3730 est,
986 3676 1052 3717 cum
1068 3667 1174 3734 agatur
1190 3659 1226 3716 de
1242 3658 1402 3717 salutando

58 3760 201 3836 praeside
217 3758 390 3831 Numidiae,
412 3759 593 3818 salutatores
617 3760 803 3834 potissimum
823 3761 1009 3835 quaerendos
1025 3777 1093 3819 esse
1107 3761 1185 3820 inter
1201 3759 1402 3836 provinciales

58 3863 91 3920 ei
116 3862 252 3921 subditos
275 3869 304 3920 et
329 3862 386 3919 hoc
410 3861 477 3919 loco
505 3859 763 3920 administratores
790 3870 869 3921 recto
895 3863 1027 3939 intellegi
1054 3881 1106 3921 eos
1134 3864 1323 3938 praesertim,
1352 3863 1403 3939 qui

57 3965 119 4022 sub
141 3966 211 4040 ipso
234 3964 452 4022 administrant.
490 3963 539 4021 Ita
557 3963 692 4022 ducimur
707 3963 744 4021 ad
760 3965 954 4040 magistratus
971 3965 1175 4042 municipales,
1199 3965 1311 4042 quippe
1325 3981 1402 4040 quos

58 4077 181 4126 constet
201 4077 232 4126 et
252 4067 338 4144 ipsos
360 4064 618 4125 administravisse
640 4073 670 4123 et
690 4083 762 4125 suos
785 4066 927 4125 habuisse
950 4066 1104 4127 officiales.
1142 4066 1244 4125 Etiam
1265 4067 1296 4126 in
1315 4067 1402 4125 titulo

57 4169 179 4228 codicis
202 4167 409 4228 Theodosiani
429 4162 479 4225 ‘de
499 4167 535 4224 iis
558 4187 634 4244 quae
657 4167 932 4228 administrantibus
956 4169 1003 4227 vel
1025 4169 1155 4226 officium
1179 4168 1331 4244 publicum
1353 4187 1402 4246 ga·

57 4272 201 4330 rentibus
223 4271 366 4330 distracta
387 4269 435 4328 rel
458 4269 567 4328 donata
589 4264 670 4328 sunt'
696 4289 771 4346 quae
794 4271 983 4342 sanciuntur,
1010 4271 1058 4329 vel
1080 4271 1118 4328 ad
1145 4288 1290 4348 pagorum
1316 4290 1403 4347 prae-

56 4375 183 4451 positos
206 4373 366 4432 trahuntur
388 4369 557 4448 (0.Th.8‚
577 4370 684 4446 15,1),
707 4379 737 4429 et
758 4372 845 4430 modo
869 4373 996 4432 vidimus
1020 4392 1059 4431 ex
1080 4372 1239 4431 comitibus
1259 4374 1402 4431 bonorem

56 4476 216 4536 sacerdoti
237 4475 408 4554 provinciae
431 4483 461 4532 et
482 4473 641 4549 principali
664 4473 764 4532 curiae
786 4475 876 4534 tribui
900 4475 997 4533 solere
1019 4483 1140 4553 propter
1162 4495 1223 4533 rem
1252 4475 1402 4552 publicam

55 4588 146 4638 recte
168 4577 417 4639 administratam.
454 4575 636 4651 Principalis
658 4583 756 4635 autem
780 4577 880 4636 curiae
903 4576 928 4634 si
951 4578 1209 4636 administratione
1227 4592 1304 4636 recte
1319 4578 1404 4637 finita

55 4682 164 4760 primo
189 4681 283 4758 gradu
309 4691 433 4738 vocatur
458 4687 581 4754 propter
610 4679 794 4749 comitivam,
827 4678 986 4737 admodum
1012 4679 1167 4755 probabile
1194 4686 1240 4737 ast
1265 4681 1297 4738 id
1323 4679 1403 4756 quod

54 4784 202 4858 sequitur
223 4783 373 4860 pertinere
399 4781 437 4840 ad
463 4779 588 4838 eundem
615 4781 766 4838 etiamtum
794 4781 1066 4851 administrantem
1099 4799 1154 4840 nec
1179 4781 1269 4839 facile
1295 4782 1404 4840 abesse

52 4895 195 4965 possunt
217 4887 254 4944 ab
276 4884 421 4944 eiusmodi
442 4882 545 4941 ordine
567 4883 717 4941 salutandi
739 4882 903 4942 civitatium
924 4881 1152 4940 Numidicarum
1177 4881 1224 4940 vel
1246 4887 1404 4943 universae

53 4988 238 5066 provinciae
260 4987 311 5064 qui
330 5004 380 5045 res
398 4994 506 5064 gerunt
524 4985 580 5045 sub
602 4985 761 5044 consulari.
799 4985 824 5042 li
845 4986 967 5062 quinam
988 5005 1023 5044 eo
1045 4992 1179 5062 tempore
1202 4984 1324 5058 fuerint,
1346 4987 1403 5045 hoo

55 5123 273 5134 ——m

126 5206 147 5268 ¹)
168 5207 361 5269 c.Tn.1a,1,
378 5207 428 5255 117
449 5205 510 5255 anni
531 5205 592 5256 392.
630 5203 733 5256 Similia
751 5204 924 5268 disponuntur
943 5205 973 5254 O.
988 5205 1038 5256 Tlr.
1055 5206 1098 5268 14,
1111 5207 1138 5268 4,
1154 5208 1180 5256 9.
1198 5207 1240 5255 10.

294 5313 299 5323 ’
1140 5313 1197 5372 41*
