3574 5942
387 445 459 519 130
969 465 1153 522 mommsen

384 641 425 698 rit
445 641 494 712 iis,
516 643 567 717 qui
587 659 621 698 ec
637 641 842 717 protectoribus
865 641 910 698 uel
932 661 964 700 ec
981 647 1159 718 praepositis
1173 644 1218 701 uel
1232 661 1265 700 eu
1279 639 1440 718 triburis¹)
1463 643 1599 716 epistulas
1622 661 1713 720 repur-

386 752 491 801 tasseot
512 761 610 821 neque
631 744 724 802 aciem
741 743 896 814 vidissent,
919 762 979 802 non
994 744 1098 802 eedem
1120 744 1277 822 privilegiu
1291 762 1358 804 ease
1380 753 1469 820 atque
1491 745 1528 802 iis
1544 746 1595 821 qui
1619 746 1716 802 ordine

383 847 502 903 militiae
524 847 642 904 decurso
665 845 702 903 ad
724 845 847 904 eandem
871 845 1076 904 condicionem
1102 849 1324 922 pervenissent,
1349 846 1419 904 inde
1446 846 1609 923 colligitur,
1637 848 1715 922 quod

385 945 458 1004 alibi
480 964 598 1023 quoque
620 964 711 1023 saepe
734 957 871 1024 apparet,
900 948 1029 1006 honores
1057 966 1110 1006 eos
1137 967 1191 1024 per
1212 947 1368 1007 codicillos
1395 947 1438 1005 ita
1459 947 1546 1006 datos
1575 965 1658 1017 ease,
1686 957 1716 1006 ut

383 1058 534 1124 tamquam
557 1051 686 1124 peractis
707 1049 745 1107 iis
767 1049 965 1107 dimitteretur
992 1067 1051 1107 nun
1079 1058 1140 1108 tam
1168 1051 1304 1108 tribunus
1330 1059 1360 1107 et
1386 1049 1429 1106 sic
1455 1049 1595 1126 deinceps
1621 1048 1717 1108 lactus

383 1139 473 1224 qua'm
500 1169 539 1208 ex
566 1151 696 1209 tribuno.
750 1149 825 1207 Inde
851 1159 958 1226 postea
990 1151 1135 1209 honorum
1162 1151 1215 1208 illa
1241 1150 1300 1209 duo
1332 1168 1443 1227 genera
1472 1151 1540 1225 ipso
1568 1149 1716 1209 vocabulo

383 1249 503 1310 differre
530 1259 705 1328 coeperunt,
735 1251 848 1310 scilieet
873 1252 916 1309 ita
944 1260 976 1310 ut
1003 1252 1054 1326 qui
1083 1253 1219 1311 tribunus
1241 1252 1414 1323 meruisset,
1444 1251 1532 1310 etiam
1561 1252 1717 1310 tribunatu

383 1352 520 1429 deposito
542 1354 679 1412 tribunus
703 1353 911 1428 appellaretur,
935 1353 1113 1412 honorarius
1135 1355 1270 1411 tribunus
1293 1372 1332 1412 ex
1348 1354 1465 1432 tribuno
1480 1352 1625 1412 vocabulo
1648 1372 1717 1412 con·

383 1462 481 1512 tentus
502 1462 593 1513 esset.
644 1455 718 1512 Eius
741 1471 813 1512 usus
836 1455 866 1512 in
889 1455 1047 1512 comitibus
1069 1455 1241 1531 exemplum
1265 1455 1381 1513 illustre
1409 1455 1550 1531 proponit
1569 1454 1645 1513 urdo
1668 1472 1717 1513 sa-

382 1557 537 1615 lutationis
553 1555 739 1633 Thamugadi
762 1575 857 1633 nuper
872 1556 1056 1626 eruderatus,
1079 1556 1116 1614 de
1130 1574 1189 1631 quo
1204 1556 1334 1614 fortasse
1357 1557 1426 1614 alibi
1443 1555 1610 1614 disserendi
1632 1556 1717 1614 locus

383 1660 449 1730 erit,
472 1660 502 1716 in
518 1657 644 1717 tribunis
667 1665 765 1716 autem
782 1658 886 1716 titulus
901 1658 1091 1717 Trevirensis
1114 1675 1205 1733 supra
1226 1657 1340 1716 relatus
1363 1677 1391 1717 u.
1409 1655 1461 1728 283
1484 1677 1553 1716 nam
1571 1667 1719 1734 protectur

384 1781 416 1819 eo
439 1760 550 1819 tribuno
572 1778 637 1818 cum
660 1759 745 1818 nullo
768 1758 856 1816 modu
878 1760 972 1834 accipi
994 1759 1093 1836 possit
1113 1759 1151 1816 de
1173 1759 1291 1818 tribuno
1307 1759 1413 1818 deinde
1435 1759 1515 1818 facto
1537 1767 1717 1836 protectore,

382 1881 447 1920 cum
470 1862 517 1920 vel
539 1861 634 1920 infimi
655 1861 768 1918 ordinis
795 1861 931 1920 tribunus
959 1877 1051 1936 supra
1078 1869 1275 1937 protectorem
1301 1861 1341 1919 sit
1363 1859 1415 1934 (ci.
1432 1858 1468 1920 G.
1484 1861 1541 1918 Th.
1558 1860 1587 1932 8,
1603 1861 1633 1930 5,
1649 1861 1716 1936 49),

382 1974 461 2022 recte
483 1964 526 2021 ita
548 1963 702 2021 vocabitur
723 1971 874 2039 protectur
896 1963 1040 2020 dimissus
1062 1981 1129 2020 cum
1151 1963 1303 2020 tribunatu
1325 1959 1530 2038 epistolant).
1574 1960 1716 2021 Ceterum

381 2065 430 2122 hic
450 2064 592 2140 loquendi
615 2081 687 2122 usus
709 2082 767 2122 nou
791 2065 907 2123 videtur
928 2064 1101 2141 pervenisse
1124 2063 1198 2134 nisi,
1225 2063 1320 2121 nteit
1342 2061 1575 2136 Constantinus,
1600 2065 1639 2123 ud
1661 2065 1717 2121 ho·
1779 2131 1780 2140 χ

382 2185 471 2225 nores
493 2166 654 2225 militares:
678 2185 711 2225 ea
733 2166 846 2226 consule
865 2183 924 2224 nun
939 2171 987 2225 est
1001 2165 1107 2223 consul
1121 2163 1330 2236 codicillariua,
1353 2165 1408 2223 aed
1421 2164 1579 2224 consulatu
1592 2165 1716 2224 iunctus

381 2279 411 2327 et
432 2269 475 2326 sic
497 2268 647 2342 deinceps.
672 2267 768 2326 Multo
791 2267 891 2325 miuus
913 2266 1067 2326 transferri
1090 2267 1177 2324 debet
1198 2265 1236 2324 ad
1252 2265 1351 2324 officia
1365 2267 1482 2326 minora
1496 2284 1656 2343 numquam
1673 2269 1717 2326 ite

380 2390 433 2446 per
455 2369 609 2428 codicillos
631 2368 777 2445 permissu
798 2368 989 2444 imaginarie,
1016 2369 1118 2443 itaque
1141 2387 1175 2426 ee
1193 2376 1351 2442 protectore
1372 2369 1436 2427 sive
1457 2387 1491 2427 ee
1507 2370 1717 2445 protectoribus

382 2473 503 2530 omuino
525 2471 552 2530 is
575 2470 682 2529 dicitur
698 2471 749 2546 qui
764 2477 914 2544 protector
929 2487 994 2528 cum
1010 2468 1127 2541 luisset,
1149 2485 1217 2528 esse
1233 2469 1329 2528 desiit.
1363 2468 1410 2528 Ne
1425 2471 1455 2529 iu
1471 2469 1579 2528 militia
1592 2470 1716 2545 quidam

378 2572 580 2632 contenderim
603 2590 708 2632 severe
731 2590 795 2630 eam
817 2571 916 2646 legere
937 2572 1128 2628 observatam
1151 2589 1217 2630 essa
1242 2589 1337 2646 neque
1366 2589 1491 2647 usquam
1519 2573 1655 2646 usurpari
1683 2591 1718 2630 es

380 2676 490 2734 tribuno
511 2674 574 2733 sive
596 2693 629 2732 ae
652 2673 773 2732 tribunis
795 2672 970 2731 vocabulum
993 2672 1030 2730 de
1052 2691 1087 2730 eo
1109 2673 1160 2748 qni
1186 2672 1365 2732 tribunatum
1393 2673 1532 2749 gesserim
1558 2671 1611 2732 sed
1638 2673 1717 2751 legi-

380 2778 484 2837 timum
507 2795 592 2836 usum
614 2774 828 2832 vocabulorum
851 2792 888 2832 ea
908 2781 1006 2831 aetate
1028 2783 1108 2832 recte
1132 2773 1203 2832 mibi
1227 2773 1328 2832 videor
1350 2772 1513 2833 definiisse.

420 2879 506 2938 Haec
527 2879 576 2937 ubi
599 2877 764 2954 sequimur,
786 2875 863 2933 inter
879 2875 983 2933 titulos
1007 2893 1100 2951 supra
1120 2875 1232 2934 relatos
1254 2875 1382 2951 primum
1399 2894 1544 2935 novorum
1566 2885 1717 2952 protecto·

379 3001 445 3040 rum
466 2981 616 3051 indicium,
638 2977 717 3055 quud
733 2977 774 3036 sit
788 2977 858 3034 anni
875 2976 958 3047 certi,
979 2976 1182 3052 Aquiucensis
1204 2977 1327 3051 praebet
1341 2977 1410 3036 anni
1427 2975 1498 3049 tet,
1520 2977 1572 3054 qui
1586 2985 1715 3054 quartus

377 3091 424 3141 est
440 3081 633 3150 Diocletiani3
656 3081 696 3138 ibi
718 3079 797 3138 enim
820 3078 970 3136 invenitur
989 3078 1158 3156 praelectus
1180 3078 1277 3136 iactus
1300 3078 1427 3156 legionis
1441 3086 1530 3138 antea
1550 3086 1716 3155 protector.

379 3183 439 3245 Sed
465 3184 596 3243 fortasse
618 3181 771 3240 anteriora
796 3180 843 3238 his
871 3179 1065 3256 suppeditant
1086 3179 1259 3256 scriptores.
1304 3176 1498 3240 Constantius
1521 3177 1716 3240 consuntint

378 3285 479 3364 magni
506 3293 605 3362 pater,
633 3283 682 3358 qui
705 3283 821 3341 videtur
843 3282 974 3340 militare
994 3281 1131 3356 coepisse
1152 3281 1317 3358 imperante
1340 3280 1519 3353 Aureliano,
1546 3282 1713 3342 secundum

377 3389 571 3463 Anonymum
587 3383 782 3442 Valesiauum
803 3385 859 3441 c.l
881 3392 1026 3459 protector
1043 3385 1184 3458 primum,
1214 3385 1276 3442 erin
1299 3383 1442 3455 tribunus,
1464 3391 1567 3459 postea
1588 3401 1715 3459 praeses

378 3489 595 3548 Dalmatiarum
607 3487 686 3560 suit3
709 3485 812 3561 itaque
834 3484 891 3543 nisi
914 3485 1041 3562 scriptor
1058 3502 1132 3544 suae
1154 3487 1261 3544 aetatis
1277 3484 1430 3544 vocabulis
1452 3485 1602 3544 anteriora
1625 3504 1715 3544 enar·

379 3591 466 3662 ravit,
489 3591 548 3648 iam
571 3588 627 3647 sub
648 3587 815 3645 Aurelianu
837 3597 1020 3663 protectores
1043 3585 1080 3644 ad
1102 3585 1283 3645 tribunatum
1305 3588 1566 3664 promovebantur.
1581 3619 1620 3630 -
1636 3585 1715 3645 Dio·

376 3693 537 3751 cletianum
566 3696 704 3748 auctores
731 3706 797 3746 eum
824 3688 959 3747 scribant
982 3688 1192 3764 imperatorem
1220 3695 1352 3748 creatum
1376 3705 1444 3748 esse
1465 3689 1631 3748 domesticos
1652 3699 1715 3746 tum

435 3940 458 4002 ¹)
478 3937 521 3989 Eu
540 3937 648 3990 triburis
665 3939 761 3989 locutio
780 3945 882 4005 praeter
900 3939 1000 3990 titulum
1021 3939 1117 3990 codicis
1137 3940 1316 3991 Theodosiani
1336 3939 1536 4004 supracitatum
1555 3940 1714 4007 inscriptum

375 4032 406 4083 de
425 4031 586 4083 testimoniali
603 4047 634 4082 ee
653 4029 760 4081 tribunis
779 4039 803 4081 ct
819 4029 1004 4099 protectoribus
1022 4031 1076 4092 (ubi
1095 4039 1158 4082 nota
1177 4033 1329 4082 vocabulum
1348 4047 1378 4082 ee
1397 4029 1504 4082 mama
1522 4033 1640 4097 usurpari
1659 4047 1714 4096 pro

374 4125 532 4176 substantivo
552 4125 675 4189 singulari
695 4122 813 4186 numero)
833 4124 860 4174 in
878 4123 978 4188 legibus
997 4139 1050 4174 nun
1068 4125 1210 4186 invenitur,
1231 4125 1386 4189 Russiusque
1405 4130 1506 4185 ιιοιιιι,
1528 4137 1603 4189 quem
1624 4123 1657 4172 de
1679 4137 1715 4172 ea

373 4217 504 4278 consului,
528 4217 662 4281 respondit
687 4217 736 4267 sibi
759 4231 812 4266 non
836 4223 964 4281 repertam
989 4229 1046 4266 esse
1070 4216 1120 4266 nisi
1139 4217 1167 4266 in
1186 4217 1266 4266 titulis
1290 4216 1372 4266 tribus
1394 4215 1494 4266 urbano
1521 4214 1717 4277 (Creeeimbeni

374 4315 440 4358 statu
459 4306 529 4358 detta
549 4305 656 4358 basilica
674 4307 703 4356 di
722 4305 750 4358 S.
763 4305 854 4358 Morta
871 4308 898 4356 ira
921 4304 1050 4358 Coemedin
1068 4307 1167 4358 Romae
1189 4309 1259 4359 1719
1278 4324 1304 4372 p.
1319 4307 1377 4368 30):
1397 4304 1424 4357 F
1423 4306 1508 4358 tautae
1520 4305 1627 4358 Bellicus
1645 4305 1714 4368 uiir)
1779 4333 1780 4336 ¹

373 4398 566 4461 d(ecotissimue)
589 4414 620 4450 ee
639 4397 746 4450 bibrum
768 4405 794 4450 et
812 4399 972 4465 Aquileiensi
998 4399 1085 4450 vol.V
1105 4415 1130 4449 n.
1147 4399 1229 4450 aaut:
1253 4397 1296 4450 Ft.
1311 4398 1445 4465 Aparemu
1549 4414 1580 4448 eu
1598 4395 1716 4448 munna

373 4499 399 4540 et
416 4491 583 4556 Lugdunensi
607 4493 676 4556 apud
695 4491 859 4542 Leblantium
877 4506 903 4540 u.
917 4492 965 4541 41:
993 4487 1103 4540 Flauius
1121 4488 1200 4542 Fieri
1284 4506 1315 4540 eu
1340 4488 1448 4540 triburia
1472 4491 1517 4556 qui
1538 4491 1604 4540 mail
1625 4505 1715 4539 αιιιιοι

376 4584 505 4648 octopiutu
523 4590 548 4633 et
565 4590 663 4651 septem,
683 4582 822 4644 militaui(t)
842 4599 901 4632 urru.
921 4582 1028 4648 triyinta
1046 4589 1070 4631 et
1088 4598 1172 4632 uocem
1273 4589 1297 4631 et
1311 4579 1435 4649 probatus
1454 4597 1573 4632 aurorum
1592 4580 1675 4632 aab·
1689 4589 1718 4632 et
1779 4583 1780 4588 ’

372 4683 442 4738 urtu;
462 4681 595 4741 praeterea
613 4676 640 4725 in
660 4674 749 4726 libello
768 4689 873 4739 precum
893 4689 910 4723 ιι
927 4674 1081 4724 Marcellino
1100 4681 1126 4724 et
1145 4674 1270 4725 Faustino
1290 4674 1351 4724 dato
1371 4673 1405 4724 ad
1424 4673 1600 4724 Theodosium
1620 4675 1715 4724 uenio·
1779 4707 1780 4724 r

371 4783 425 4818 rem
446 4767 589 4829 (Sirmoudi
609 4782 670 4832 opp.
685 4768 698 4815 1
719 4782 745 4831 p.
761 4765 814 4816 154
834 4766 875 4816 ecl.
889 4765 992 4827 Venet.)
1012 4763 1106 4816 nubilis
1124 4764 1211 4815 durrus
1291 4763 1381 4817 Severi
1397 4781 1428 4816 eu
1446 4763 1563 4816 tribum's.
1779 4743 1780 4754 γ

430 4857 454 4920 ²)
474 4859 618 4913 Tribunum
641 4858 815 4908 codicillarem
841 4858 895 4908 sive
919 4857 1087 4908 honorarium
1113 4872 1176 4908 cave
1204 4857 1346 4908 confundas
1375 4873 1432 4908 cum
1459 4857 1565 4908 mibuno
1588 4865 1715 4906 vacante.

371 4951 502 5001 Tribunus
521 4965 627 5012 recens,
654 4957 682 5000 ut
701 4964 733 5000 ex
753 4950 894 5000 Ammiano
912 4950 1075 5013 potissimum
1095 4956 1209 5014 apparet,
1229 4963 1384 5014 quamquam
1404 4965 1512 5000 numeru
1532 4965 1583 4999 nun
1603 4958 1717 5012 praeest

370 5049 398 5090 ut
416 5049 517 5107 praeest
534 5058 587 5096 nou
607 5057 710 5103 uacans,
729 5041 899 5092 nihilominus
918 5041 1026 5102 militat3
1052 5041 1170 5092 tribunus
1188 5041 1343 5092 honorarius
1361 5047 1406 5093 snt
1424 5056 1564 5106 numquam
1582 5040 1715 5090 militarit

370 5140 414 5182 ant
433 5133 554 5186 militarit
571 5135 630 5186 luco
649 5133 752 5184 diuerso
772 5139 798 5182 et
817 5132 951 5184 codicillus
970 5134 1100 5198 accipiens
1119 5133 1230 5186 militaro
1249 5133 1353 5184 desinit.
