3500 5928
380 455 454 524 324
813 469 1089 519 anoruauauun
1119 467 1200 518 von.
1219 470 1286 520 vrrs
1644 475 1681 524 ess

418 648 489 705 Item
511 645 680 722 eae[rupluru
706 644 845 718 epistulae
978 646 1178 717 procuratoris
1207 661 1229 700 e.
1253 662 1281 699 u.
1305 675 1343 685 -
1367 642 1430 718 ...]
1459 647 1485 701 si
1512 653 1538 701 et
1559 646 1681 703 secundun

376 753 454 808 iusso
476 761 522 808 tuo
545 747 657 822 sondro
680 746 894 805 conductorum
921 745 1046 803 iniurias
1074 745 1189 803 colonis
1216 745 1354 821 subveni]
1378 747 1472 802 -id
1495 764 1523 802 m
1535 787 1681 806 .........

375 872 410 910 ru.
434 856 464 910 iu
485 883 526 893 —
549 848 774 925 [cou]ducto[res

418 952 701 1029 supplementorum
723 968 917 1026 quaecunque
941 949 1041 1007 addidi
1064 968 1124 1007 non
1148 955 1297 1024 tamquam
1313 967 1385 1006 vera
1407 957 1458 1008 aut
1481 950 1566 1008 titulo
1587 953 1683 1028 proprie

374 1055 592 1126 convenientia,
615 1054 669 1113 sed
691 1063 805 1112 tantum
828 1052 866 1110 ad
882 1053 1046 1111 sententias
1062 1052 1251 1126 aliquatenus
1267 1052 1474 1124 illustrandas,
1496 1052 1600 1111 litteris
1614 1056 1684 1112 rectis

374 1157 570 1236 exprImenda
591 1159 703 1215 curavi.
720 1235 722 1240 ,
1178 1143 1183 1152 ⁴

416 1260 448 1336 [4
482 1263 667 1329 concliorum,
702 1269 727 1318 et
758 1263 784 1317 si
816 1259 930 1334 quando
966 1257 1038 1315 cella
1074 1257 1134 1315 Tu.
1162 1257 1216 1331 Μ.]
1259 1290 1296 1300 -
1338 1257 1355 1314 5
1391 1257 1533 1332 [fortasse
1565 1257 1598 1315 de
1627 1278 1685 1335 agro

374 1381 472 1422 sermo
502 1373 549 1421 est
575 1362 690 1419 modice
716 1361 820 1419 fertili:
858 1361 956 1418 nullus
984 1363 1056 1416 euim
1083 1377 1140 1416 uon
1169 1378 1230 1417 cum
1256 1364 1335 1418 tertio
1368 1360 1413 1416 cel
1442 1371 1546 1436 quiarto
1575 1360 1685 1434 lotulfus

374 1466 519 1524 laboribus
542 1463 716 1540 respondet]
760 1462 820 1521 ΤΗ.
836 1463 890 1536 Μ.]
924 1493 965 1502 -
999 1461 1016 1518 6
1044 1463 1156 1518 domum
1181 1461 1369 1536 reportamur
1396 1470 1442 1520 est
1467 1461 1687 1538 supplementum

373 1567 565 1638 Mommseni,
594 1567 645 1642 qui
667 1573 782 1642 partem
806 1565 978 1622 colonorum
1002 1583 1041 1622 ex
1063 1563 1151 1620 Italia
1173 1563 1317 1623 oriundos
1344 1565 1440 1622 fuisse
1468 1564 1627 1624 existimat.
1656 1597 1687 1606 -

374 1671 390 1726 7
416 1669 534 1746 poleam
556 1672 658 1744 secere
687 1676 839 1725 stramento
869 1666 906 1724 cf.
932 1665 1012 1724 Plio.
1039 1666 1067 1724 h.
1093 1685 1121 1722 n.
1141 1665 1268 1738 XVIII,
1304 1665 1343 1724 30
1374 1665 1453 1741 (72).
1486 1699 1526 1708 -
1556 1666 1689 1740 Speleou

372 1775 401 1828 iu
435 1770 569 1829 lateribus
603 1772 737 1828 ducendis
770 1769 807 1827 ef.
832 1768 1021 1843 Marquardt‚
1044 1767 1261 1826 Privatultcrtlt.
1286 1763 1350 1837 111,
1385 1767 1454 1825 233.
1490 1800 1534 1810 —
1577 1769 1610 1824 10
1640 1767 1689 1842 [ubi

371 1874 421 1931 lros
448 1882 473 1931 et
503 1872 613 1947 borum]
641 1873 736 1947 officia
762 1873 903 1945 reoleperis
930 1874 959 1927 in
984 1881 1162 1946 potestatem,
1195 1869 1238 1945 [iu
1257 1869 1407 1945 sutu]rurn
1438 1870 1471 1927 id
1501 1889 1533 1927 eo
1570 1869 1689 1943 caillone·

371 1975 490 2033 rabiurr.
535 1974 594 2032 ΤΗ.
610 1973 674 2049 Μ.].
699 2007 737 2015 -
764 1971 800 2030 12
824 1972 903 2048 [com
926 1991 1031 2048 parum
1054 1972 1215 2030 verisimile
1237 1973 1277 2031 sit
1297 1970 1389 2048 duplo
1411 1972 1514 2048 plnres
1537 1989 1639 2049 operas
1651 1989 1689 2029 co·

371 2079 458 2136 Ionos
481 2078 536 2135 hos
559 2075 698 2134 debuisse
721 2095 811 2151 quam
836 2075 1055 2146 Burunitanos,
1082 2075 1214 2134 fortasse
1239 2074 1404 2150 praestabit
1430 2074 1505 2133 haec
1532 2074 1638 2134 referre
1660 2074 1691 2130 ad

370 2179 543 2237 colonorum
568 2177 727 2254 epistulam
750 2177 791 2235 ita
811 2177 874 2235 fere
897 2175 975 2251 [neue
989 2185 1031 2234 tot
1044 2177 1124 2234 nobis
1140 2195 1242 2252 operas
1258 2181 1404 2253 imponunt
1418 2186 1487 2254 quot
1501 2175 1692 2252 imposuerulnt

370 2285 518 2339 aratorios
539 2289 594 2338 cet.
637 2279 696 2337 ΤΗ.
713 2280 766 2354 Μ.]

412 2383 479 2440 Hoc
500 2383 696 2458 fragmentum
718 2381 769 2457 qui
792 2381 864 2458 legit
885 2381 1039 2458 paululum
1062 2390 1199 2440 versatus
1221 2382 1251 2438 in
1275 2381 1370 2440 titulis
1394 2381 1549 2440 Africanis
1571 2381 1634 2440 fieri
1651 2399 1692 2438 ne

370 2486 434 2562 quit
455 2485 526 2562 quin
550 2484 717 2542 meminerit
739 2483 833 2541 libelli
856 2483 1001 2541 simillimi
1023 2483 1196 2542 colonorum
1220 2483 1316 2542 saltus
1339 2482 1520 2542 Burunitani
1547 2485 1623 2543 aucti
1648 2483 1693 2541 im·

369 2585 516 2664 peratoris
538 2585 684 2660 rescripto
711 2585 906 2661 epistulisque
935 2595 1174 2660 procuratorum,
1207 2586 1257 2661 qui
1286 2596 1353 2643 ante
1383 2585 1437 2643 bos
1464 2595 1528 2645 tres
1556 2603 1647 2644 annos
1669 2585 1694 2642 iu

370 2707 448 2767 pago
473 2687 538 2749 Siulr
557 2686 709 2745 el-Kbmis
731 2687 761 2744 in
783 2687 879 2746 lucem
903 2687 1021 2764 prodiit.
1061 2689 1202 2748 Accessit
1222 2689 1392 2765 nuperrime
1415 2689 1537 2746 tertium
1560 2689 1693 2764 fragmen·

369 2801 431 2850 tum
460 2791 553 2867 (infra
575 2810 602 2848 n.
618 2789 707 2864 471),
736 2798 885 2865 repertum
908 2789 937 2846 in
959 2807 1037 2867 pago
1060 2792 1112 2867 qui
1134 2791 1223 2848 hodie
1250 2789 1359 2848 dicitur
1380 2790 1552 2867 Ain-Zaga
1578 2800 1607 2848 et
1627 2808 1694 2866 pago

370 2891 436 2954 sak
457 2891 617 2950 el·Khmis
638 2900 669 2950 et
689 2893 803 2968 regioni
824 2891 882 2963 illi,
908 2892 986 2950 unde
1008 2893 1151 2970 originem
1174 2893 1255 2951 ducit
1275 2892 1475 2970 fragmentum
1504 2910 1600 2968 supra
1626 2903 1694 2948 tran·

370 2995 527 3069 scriptum,
555 2992 667 3065 vicino,
696 3012 755 3070 quo
777 2994 893 3052 initium
917 2995 1056 3070 rescripti
1081 2995 1266 3071 Imperatorii
1292 2995 1331 3053 ad
1352 2995 1477 3053 colonos
1500 2995 1695 3053 Burunitanus

368 3096 545 3173 pertiuentis
567 3095 744 3173 exprimitur
768 3095 874 3153 iisdem
904 3096 1012 3154 verbis.
1060 3095 1203 3155 Videmus
1231 3096 1323 3173 igitur
1350 3096 1550 3174 complurium
1578 3095 1694 3152 saltuum

369 3198 578 3257 Africanorum
601 3197 762 3256 confinium
785 3198 908 3255 colonos
924 3197 1027 3256 eodem
1050 3198 1112 3256 fere
1134 3209 1267 3275 tempore
1286 3217 1322 3256 ac
1341 3200 1469 3256 fortasse
1486 3197 1616 3257 consilio
1630 3199 1697 3254 inter

369 3319 402 3359 sc
429 3299 647 3358 communicato
674 3298 711 3356 de
740 3300 951 3358 conductorum
979 3310 1263 3377 procuratoremque
1292 3301 1410 3359 iniuriis
1437 3301 1476 3359 ad
1506 3297 1695 3359 Commodum

368 3401 485 3460 libellos
507 3402 636 3460 misisse.
681 3399 765 3473 Quae
787 3403 813 3460 is
836 3401 1003 3477 rescripsit,
1034 3409 1087 3459 aut
1113 3401 1179 3460 sola
1204 3409 1257 3459 aut
1278 3402 1402 3478 singulis
1426 3401 1541 3461 libelIIs
1569 3402 1697 3460 adiuncta

367 3511 398 3563 et
423 3513 648 3581 procuratorum
671 3502 707 3559 de
730 3503 835 3562 eodem
861 3504 980 3578 negotio
1003 3503 1140 3582 epistulis
1163 3513 1250 3562 aucta
1270 3504 1302 3562 ia
1324 3504 1476 3580 lapidibus
1499 3505 1600 3562 incisa
1625 3511 1652 3560 et
1670 3501 1696 3557 in

368 3605 493 3685 singulis
517 3605 642 3664 saltibus
664 3605 695 3662 in
717 3604 837 3681 publico
858 3607 1014 3683 proposita
1036 3617 1113 3665 sunt.

409 3708 446 3766 In
468 3709 526 3767 hoc
547 3715 751 3780 monumento,
778 3707 814 3765 de
840 3725 899 3783 quo
921 3727 998 3767 nuno
1020 3709 1212 3785 potissimum
1239 3708 1351 3784 agitur,
1379 3709 1574 3785 imperatoris
1601 3705 1698 3766 rescri-

367 3818 449 3890 ptum
471 3811 638 3870 continetur
660 3827 706 3867 vv.
725 3807 856 3866 12-16.
898 3805 1042 3886 Sequitur
1063 3811 1193 3888 epistula
1213 3811 1415 3888 procuratoris
1431 3809 1698 3890 CartbagIniensia

369 3921 400 3973 ut
421 3931 489 3974 mea
509 3912 567 3972 fert
589 3912 703 3990 opimo,
731 3911 779 3969 vel
802 3919 882 3970 certe
905 3912 1053 3984 Africani,
1080 3914 1188 3988 queis
1215 3930 1248 3970 se
1274 3931 1313 3970 ex
1334 3913 1417 3971 iussu
1439 3914 1506 3972 eius
1531 3914 1699 3972 colonorum

365 4015 483 4074 iniuriis
507 4015 682 4076 subvenisse
709 4013 747 4070 ad
768 4013 978 4089 imperatorem
1005 4015 1102 4074 refert.
1146 4013 1277 4090 Reliqua
1301 4014 1414 4072 incerta
1440 4023 1519 4075 sunt.
1567 4014 1698 4075 Ceterum

367 4119 418 4195 qui
440 4118 497 4177 hoo
518 4118 716 4194 fragmentum
740 4135 807 4174 cum
822 4117 909 4189 VIII,
928 4115 1028 4174 10570
1051 4116 1245 4194 comparabit,
1268 4117 1479 4176 animadvertit
1500 4119 1631 4177 colonos
1651 4117 1700 4174 hos

367 4220 461 4278 multo
483 4218 670 4296 gravioribus
693 4219 833 4278 oneribus
856 4219 995 4278 astrIctos
1021 4218 1114 4278 fuisse
1142 4236 1230 4294 quam
1253 4217 1474 4292 Burunitanos3
1508 4220 1566 4278 sed
1593 4219 1697 4288 videas,

367 4340 443 4398 quae
465 4322 503 4380 ad
524 4341 551 4379 v.
571 4319 608 4378 12
631 4321 842 4380 animadvertit
863 4321 1038 4380 Mommsen.

366 4484 440 4544 400
462 4485 492 4543 in
513 4485 612 4561 lapide
631 4484 691 4543 alto
707 4505 745 4543 m.
762 4485 843 4558 0,60,
866 4485 926 4543 lato
945 4485 1002 4558 1,0‚
1025 4487 1082 4545 litt.
1099 4487 1171 4559 0,10
1186 4505 1247 4563 rep.
1265 4485 1346 4545 Gasr
1360 4485 1491 4557 blezuisr,
1515 4506 1597 4546 nuno
1613 4485 1699 4560 Bidjs

408 4588 438 4645 ia
461 4589 576 4646 castris·
821 4623 846 4664 n
859 4635 864 4649 ·
878 4620 1013 4664 seueris·
1026 4623 1111 4665 aveo
1124 4637 1130 4651 ·
1144 4623 1183 4664 r·
1230 4622 1262 4662 ns

816 4722 1008 4767 vernus-er
1029 4722 1131 4767 unios
1156 4711 1184 4768 ΡΙ

819 4825 1020 4869 rvvnurrsvs
1043 4841 1050 4855 ·
1073 4827 1115 4870 cn
1140 4827 1185 4868 ·v

819 4913 1184 4973 ovrntltnlnorlt

366 5041 533 5117 Descripsi.
571 5040 701 5099 Vincent
725 5043 974 5118 comptas-rendae
997 5041 1031 5100 de
1054 5039 1160 5101 l'aead.
1183 5040 1307 5118 d’Hipp.
1330 5043 1369 5100 cla
1390 5041 1437 5099 12.
1453 5049 1509 5100 oet.
1536 5041 1618 5102 1882
1642 5041 1702 5118 pt

368 5144 426 5202 sic:
456 5144 695 5202 senrttttrunncr
713 5139 717 5222 Ι
734 5157 851 5203 vanus
872 5158 995 5201 svovsr
1013 5143 1018 5221 Ι
1034 5158 1226 5203 nvvaurrsvs
1248 5159 1309 5203 cuv
1326 5145 1330 5221 1
1348 5158 1471 5202 svinrvs
1492 5186 1593 5204 .....

409 5245 595 5321 [Beatissimo
621 5246 735 5307 saeculo
765 5247 811 5306 dd.
838 5265 886 5304 aa.
917 5243 1064 5307 Constanti
1095 5256 1121 5307 ct
1150 5245 1314 5306 Constantis
1345 5245 1575 5326 mauimorulpn
1602 5253 1730 5323 serirpcr'
