3628 5954
361 447 381 516 7
386 448 409 518 0
812 463 1087 515 adamannum
1116 463 1196 515 von.
1217 465 1260 516 111
1582 466 1699 518 res-193

406 636 495 712 Quod
516 639 547 696 in
570 639 627 695 hoc
645 638 732 695 titulo
752 656 779 693 v.
795 637 811 695 7
834 654 888 711 pro
904 655 920 692 o
935 636 1034 694 littera
1049 636 1064 692 5
1081 637 1238 709 invenitur,
1261 637 1326 696 eius
1342 638 1511 697 soloecismi
1527 639 1699 716 exemplum

364 749 411 800 est
432 740 463 798 ni
482 739 570 825 fallor
585 739 716 798 omnium
733 737 983 814 antiquissimum,
1007 738 1198 813 repetendum
1213 739 1243 797 id
1259 739 1323 798 sine
1339 740 1429 798 dubio
1444 759 1483 798 ex
1497 757 1553 798 usu
1569 738 1698 812 Graeco,

366 860 546 919 quamquam
564 840 674 900 Graeci
696 857 814 915 quoque
838 839 934 916 primo
957 859 986 916 p.
1002 837 1073 898 Chr.
1098 840 1220 899 saeculo
1235 860 1253 898 o
1266 840 1406 899 Latinum
1428 859 1497 900 raro
1518 859 1572 918 per
1593 842 1609 898 l>
1632 840 1700 899 red-

363 944 502 1004 diderunt
528 942 754 1020 (Dittenberger
775 940 907 999 Hermae
930 940 1022 999 vold
1045 961 1074 1018 p.
1091 940 1175 1017 303).
1229 941 1266 1000 ln
1288 941 1496 1018 Pompeianis,
1523 959 1601 1019 quae
1627 959 1700 1001 suae

364 1047 472 1106 aetatis
494 1044 594 1103 nullos
617 1060 733 1102 errores
756 1041 928 1114 omiserunt,
952 1041 1017 1101 eius
1039 1042 1159 1119 generis
1182 1061 1272 1102 unum
1295 1049 1325 1102 et
1344 1062 1380 1102 ne
1395 1063 1460 1104 eum
1476 1043 1594 1119 quidem
1610 1044 1701 1119 plane

365 1157 480 1207 certum
502 1147 634 1223 repperit
656 1144 883 1221 Zangemeister
905 1141 954 1220 (Ο.
971 1142 1015 1201 lV
1037 1163 1065 1202 n.
1083 1137 1199 1202 314512
1232 1143 1264 1203 0.
1280 1145 1384 1203 Biblos
1407 1145 1444 1204 ci.
1467 1165 1494 1222 p.
1512 1145 1603 1220 257);
1630 1165 1699 1204 nem

371 1249 488 1308 Vesbius
510 1257 541 1306 et
558 1248 693 1306 Vesbinoe
708 1245 856 1304 immerito
871 1245 1134 1322 reprehenduntur.
1169 1245 1421 1320 Antiquissimum
1436 1246 1516 1321 quod
1531 1243 1701 1306 Coresenus

364 1351 396 1408 in
423 1350 624 1408 vocalismol
651 1369 680 1426 p.
704 1348 759 1406 131
788 1354 867 1405 reete
894 1347 964 1405 citet
989 1347 1157 1422 exemplum
1184 1345 1348 1422 (nummum
1375 1348 1453 1406 enim
1480 1349 1700 1408 contcrniatum

365 1471 452 1529 quem
480 1452 581 1510 dicunt
608 1451 714 1508 afferre
742 1467 801 1507 non
830 1448 941 1525 debuit)
970 1447 1073 1506 titulus
1101 1456 1148 1506 est
1174 1447 1304 1506 urbanus
1330 1447 1451 1506 Marinii
1479 1451 1552 1507 Arv.
1574 1470 1604 1527 p.
1621 1450 1699 1508 363:

369 1553 402 1612 Τ.
419 1551 523 1611 Flubio
539 1552 615 1629 Aup.
639 1551 658 1607 1.
676 1550 833 1610 Sotericlto.
876 1548 912 1608 In
933 1550 1009 1607 actis
1032 1548 1190 1607 Arvalium
1213 1549 1327 1608 similes
1350 1550 1475 1609 mendae
1495 1550 1643 1629 incipiunt
1663 1553 1702 1610 ab

369 1673 447 1713 anno
471 1655 529 1714 183
553 1652 674 1728 (c.v1,
695 1651 790 1711 2099:
813 1651 959 1722 boecium,
981 1649 1118 1721 herbosos,
1140 1649 1270 1727 bittotr's).

1388 1762 1700 1770 ————-.——

985 1779 1702 1791 —-—-—-—-—--———---——-—-

672 1868 818 1929 DYME?
841 1867 931 1945 (Kato
953 1868 1081 1946 Aeloio)
1108 1868 1199 1947 (Eph.
1216 1869 1261 1928 lv
1283 1889 1313 1946 p.
1330 1870 1394 1947 45).

367 1988 433 2052 188
455 1991 533 2068 Eph.
549 1990 595 2048 lv
610 2009 637 2065 p.
655 1989 693 2048 45
717 2009 746 2047 n.
763 1987 812 2046 84.
846 1988 931 2047 Vidit
945 1989 1080 2066 Purgold
1103 1997 1262 2067 utrumque
1283 1989 1463 2069 exemplum,
1485 1991 1589 2067 legens
1611 1992 1641 2050 in
1658 1992 1702 2050 al-

410 2103 474 2152 tero
496 2095 513 2153 3
538 2107 632 2150 neue.

368 2244 433 2306 189
460 2245 538 2321 Eph.
558 2244 603 2302 IV
624 2264 651 2320 p.
669 2244 708 2302 46
731 2264 760 2302 n.
778 2242 826 2303 88.
874 2244 1022 2321 Purgold,
1053 2247 1105 2322 qui
1133 2247 1251 2305 litteras
1280 2247 1470 2324 neglegenter
1498 2246 1607 2306 incisas
1636 2264 1706 2304 esse

409 2348 461 2418 ait,
483 2345 601 2423 excepit
623 2346 680 2404 sic:
932 2353 1134 2678 effluo]

973 2481 1100 2525 cerum

971 2581 1124 2638 rruths

369 2688 517 2748 Videntur
537 2687 628 2764 igitur
653 2690 665 2744 1
692 2688 741 2746 fin.
764 2698 794 2746 et
816 2688 833 2745 3
856 2688 906 2746 fin.
928 2687 1074 2763 quaedem
1096 2688 1244 2749 elementa
1264 2689 1437 2748 desiderari.

374 2829 527 2837 ---.
1091 2829 1161 2836 ..ι-.-

683 2915 856 2976 eruere
884 2915 926 2993 (p.
943 2917 992 2977 95.
1010 2916 1080 2976 984.
1117 2918 1195 2995 spe.
1212 2918 1256 2977 rv
1280 2940 1309 2997 p.
1325 2919 1389 2994 er).

370 3054 438 3116 190
461 3055 563 3114 Patris
586 3055 617 3114 in
639 3054 712 3112 ville
732 3054 860 3133 proxeni
883 3055 994 3113 summi
1009 3054 1117 3114 Wood.

930 3168 953 3248 1·
968 3189 982 3232 s
995 3189 1009 3233 s
1021 3191 1030 3232 1
1041 3189 1090 3232 vs
1114 3194 1129 3226 e

969 3291 1064 3348 era
1087 3295 1101 3328 s

649 3587 895 3650 coemunvs
924 3588 967 3665 (p.
984 3590 1032 3649 99.
1050 3590 1119 3649 ear.
1157 3589 1235 3668 Eph.
1251 3591 1296 3650 1v
1317 3611 1346 3668 p.
1362 3593 1426 3668 48).

371 3726 430 3788 191
459 3727 498 3785 ad
525 3746 554 3786 n.
576 3725 645 3785 540.
702 3723 784 3786 Saxo
835 3726 901 3786 199
928 3727 1032 3788 eodem
1058 3728 1125 3787 loco
1152 3729 1250 3788 simile
1294 3728 1359 3788 199
1382 3731 1452 3788 item
1476 3731 1605 3790 tertium.

414 3829 511 3889 incisa
531 3828 641 3886 litteris
670 3827 786 3903 magnis
879 3846 994 3888 saxum

414 3929 625 3988 Acrocorinthi
652 3929 684 3987 in
716 3947 785 4006 por-

415 4038 475 4102 tae,
496 4049 549 4108 per
568 4047 658 4106 quam
672 4031 734 4088 itur
747 4030 786 4088 ad

414 4133 543 4205 iontem,
569 4131 632 4209 pile
654 4131 785 4191 sinistre.

375 3361 546 3438 Descripsit
567 3357 710 3436 Purgold.

1417 4187 1548 4230 sisso

476 4283 652 4327 lavssws
943 4284 1106 4328 LVCRlO
1438 4289 1549 4331 Α·1)·111

515 4371 566 4428 lxu
599 4385 618 4426 κ
648 4387 668 4430 a
974 4387 1050 4428 von
1071 4386 1136 4429 ecc
1470 4391 1535 4434 sea

373 4494 542 4570 Descripsit
563 4502 624 4554 tres
644 4496 700 4554 hos
722 4495 827 4556 titulos
849 4497 916 4555 Ioh.
940 4495 1075 4556 Schmidt
1096 4505 1128 4555 ut
1149 4499 1248 4573 potuit
1268 4505 1391 4573 propter
1413 4495 1469 4554 loci
1494 4495 1712 4556 obscuritatem

374 4597 525 4672 ediditque
548 4597 642 4655 Mittit.
665 4599 714 4656 dee
737 4599 816 4656 orel.
839 4598 969 4658 Instituta
991 4602 1023 4657 ia
1044 4598 1138 4657 Athen
1161 4600 1178 4658 6
1202 4596 1312 4674 (1881)
1335 4617 1364 4674 p.
1381 4598 1452 4656 355.

415 4697 609 4770 Emendatio,
638 4715 728 4775 quem
749 4699 780 4756 in
803 4700 935 4759 secunda
955 4699 1051 4758 editor
1071 4701 1214 4777 proponit
1234 4717 1278 4758 v·
1296 4715 1327 4757 tn
1343 4729 1349 4746 ·
1365 4713 1443 4769 avo,
1470 4717 1576 4775 parum
1599 4701 1714 4778 placet,

374 4819 441 4858 cum
464 4800 495 4859 in
518 4799 615 4875 prims
636 4800 706 4860 item
729 4818 748 4857 a
763 4801 841 4860 nude
856 4819 987 4861 mensem
1004 4801 1158 4878 significet.
1195 4801 1339 4861 Fortasse
1361 4809 1519 4876 utrumque
1538 4821 1574 4860 eo
1588 4804 1713 4863 nomine

376 4900 494 4960 delendi
518 4909 626 4977 potest,
648 4901 729 4978 quod
752 4921 828 4961 saxa
849 4902 946 4962 ineisa
968 4912 1037 4962 sunt
1058 4911 1120 4960 tum
1143 4921 1210 4962 cum
1233 4903 1353 4962 colonia
1367 4900 1509 4963 Caesaris
1523 4905 1647 4964 condita
1662 4908 1713 4978 sit,

376 5009 444 5060 ante
464 5011 609 5062 mutatum
631 5023 740 5063 nomen
762 5005 873 5063 mensis
895 5005 1000 5062 octavi.
1056 5019 1096 5064 cc
1117 5011 1215 5064 autem
1237 5024 1292 5082 pro
1314 5024 1439 5064 numero
1472 5007 1565 5083 accipi
1589 5010 1712 5086 poterit.

378 5133 415 5146 -
439 5103 474 5160 In
498 5105 586 5162 tertia
607 5105 697 5163 suerit
719 5122 839 5165 necesse
861 5112 907 5166 est
927 5121 1018 5163 Α-υ·
1033 5121 1197 5164 nrm-ser
1219 5107 1267 5166 rel
1289 5121 1350 5166 sex.
