3524 5932
363 474 435 542 614
810 495 1087 546 nnurmntunun
1115 496 1197 545 vot.
1218 497 1261 547 m

366 593 634 605 -ηψ-α--η

362 671 462 725 ciuium
483 668 686 726 Rornanorum.
737 670 797 726 Ala
819 669 952 744 Augusta
980 670 1131 728 titulorum
1156 669 1395 728 Britannicarum
1412 667 1492 740 Vll,
1517 666 1685 729 340-344,

360 770 431 828 item
459 772 511 827 ala
538 771 559 826 I
589 772 722 844 Augusta
753 773 799 828 rel
828 775 879 830 ola
909 773 1043 848 Arrpusta
1070 772 1222 830 titulorum
1253 771 1440 831 Gallicorum
1469 769 1685 843 Italicorumqm

362 892 453 948 supra
475 893 503 948 p.
521 874 580 931 246
604 876 838 950 compositorum
862 893 921 950 quo
945 877 1123 952 pertineant,
1146 875 1262 933 definiri
1285 894 1345 933 non
1368 882 1476 949 potest.

402 972 427 1051 ³)
450 976 539 1033 Alam
565 977 728 1052 Aprianam
758 987 857 1036 eastra
884 979 1027 1036 habuisse
1055 980 1093 1036 ad
1121 977 1240 1054 Syenen
1268 977 1399 1036 ostendit
1426 975 1531 1034 titulus
1559 973 1686 1044 utum

361 1087 517 1154 praeterea
538 1078 708 1137 nominatur
731 1081 760 1137 in
777 1081 984 1138 Memnoniaco
1009 1102 1036 1138 n.
1054 1081 1092 1138 49
1116 1081 1185 1137 anni
1205 1079 1263 1138 170
1287 1093 1316 1138 et
1336 1081 1368 1136 in
1383 1077 1501 1136 Notitia
1514 1077 1686 1154 Dignitatum

363 1181 415 1238 Or.
434 1182 483 1251 28,
507 1180 554 1238 32.
600 1180 684 1240 Haec
707 1183 797 1258 igitur
819 1203 872 1259 per
895 1192 1035 1257 quattuor
1059 1183 1179 1241 saecula
1201 1183 1231 1240 iu
1257 1183 1397 1258 Aegypto
1418 1189 1521 1239 castra
1543 1180 1648 1237 habuit.

403 1281 427 1358 ⁴)
449 1277 533 1352 abac
553 1287 749 1360 Κομμαγηνῶν
771 1285 905 1342 meminit
934 1285 1035 1344 titulus
1059 1284 1157 1343 Talmi
1181 1286 1319 1343 inventus
1342 1282 1376 1342 C.
1390 1285 1414 1342 Ι.
1429 1281 1483 1342 Gr.
1499 1282 1596 1354 5057;
1618 1301 1687 1358 prar-

363 1396 444 1444 terca
466 1386 550 1444 alal
575 1385 846 1463 Commagenorum
870 1388 1019 1445 invenitur
1042 1388 1070 1443 in
1095 1386 1181 1445 titulo
1204 1385 1348 1445 Celsiano
1372 1406 1400 1444 n.
1418 1385 1510 1444 5224.

404 1485 427 1564 ⁵)
450 1487 592 1547 Cohortis
615 1491 729 1566 primae
744 1489 967 1548 Pannoniorum
985 1490 1189 1548 cohortiumve
1205 1489 1367 1566 primarum
1390 1487 1474 1564 (nam
1490 1488 1591 1564 plures
1607 1487 1686 1544 luisse

363 1592 525 1649 verisimile
549 1592 608 1666 est)
632 1592 747 1668 lapides
763 1593 919 1669 compositi
936 1602 1005 1650 sunt
1020 1611 1112 1668 supra
1127 1611 1155 1668 p.
1172 1590 1246 1661 1823
1270 1592 1306 1649 de
1322 1592 1457 1648 exercitu
1472 1599 1616 1665 quatenus
1630 1607 1686 1645 eon-

364 1703 437 1764 stat,
464 1695 611 1770 pertinent
634 1696 669 1752 ad
692 1696 899 1754 Pannonicum
924 1694 985 1770 (ΙΙΙ
1008 1715 1036 1771 p.
1051 1692 1160 1770 1152),
1190 1692 1373 1760 Germaniae
1396 1693 1562 1768 superioris
1584 1691 1687 1766 (Bram-

364 1796 440 1852 bach
462 1796 531 1853 740.
552 1797 743 1871 743.1519),
767 1798 973 1856 Britannicum
997 1797 1071 1872 (tx,
1093 1795 1199 1871 2649).
1244 1797 1280 1854 ln
1302 1798 1444 1874 Aegypto
1467 1803 1617 1871 praeterea
1636 1814 1687 1850 nou

364 1908 516 1973 comparet
538 1899 596 1956 nisi
618 1900 649 1956 in
672 1898 790 1957 Notitia
811 1898 865 1958 Or.
883 1898 931 1972 28,
955 1901 990 1958 41
1018 1901 1117 1957 colio-rs
1137 1902 1233 1975 prima
1254 1898 1390 1976 Augusta
1411 1898 1626 1956 Pannoniorum.

405 1995 429 2075 6)
454 1999 612 2059 Cohortem
626 2001 829 2077 Hispanorum
852 2012 951 2061 castra
965 2002 1109 2060 habuisse
1125 2001 1161 2058 ad
1175 2000 1275 2059 Talmi
1291 2001 1455 2059 docuerant
1469 2000 1547 2057 tituli
1562 1997 1594 2058 C.
1606 1999 1626 2055 l.
1638 1996 1687 2056 Gr.

366 2104 457 2161 5043.
474 2103 564 2160 5046.
582 2104 673 2161 5047.
710 2104 844 2162 Numero
860 2106 986 2181 primam
1003 2105 1098 2162 fuisse
1113 2123 1190 2163 nunc
1205 2104 1415 2181 intellegimus.
1450 2101 1618 2161 Cohortium
1631 2101 1689 2157 eius

365 2206 494 2264 nominis
517 2206 621 2263 titulos
644 2225 735 2283 supra
758 2209 984 2282 composuimus
1007 2227 1036 2283 p.
1052 2207 1125 2278 1673
1148 2207 1186 2265 ad
1202 2207 1373 2282 Aegyptum
1396 2213 1515 2281 praeter
1534 2205 1585 2262 hos
1600 2203 1688 2260 nullus

366 2308 455 2366 ducit.

257 2481 261 2490 ῃ
407 2404 431 2484 ἲ)
456 2408 617 2469 Cohortem
634 2412 648 2468 I
665 2412 799 2470 Flauiam
818 2411 943 2471 Cilicum
968 2412 1129 2471 tetendisse
1151 2414 1182 2471 in
1198 2413 1339 2489 Aegypto
1361 2411 1416 2470 sub
1432 2410 1585 2469 Hadriano
1601 2417 1626 2466 et
1639 2407 1690 2464 Pio

367 2515 529 2571 ostendunt
551 2514 628 2572 tituli
650 2512 685 2572 C.
709 2534 737 2573 n.
755 2515 835 2574 6025
860 2525 889 2574 et
911 2514 945 2575 C.
962 2515 987 2572 Ι.
1005 2514 1060 2574 Gr.
1076 2515 1157 2574 4713
1163 2517 1191 2589 s.

408 2611 431 2690 8)
454 2615 538 2674 Hace
562 2626 607 2674 est
630 2617 739 2676 cohors
762 2619 829 2676 sola
850 2638 889 2676 ex
913 2631 1026 2696 septem
1050 2618 1169 2675 residua
1191 2618 1221 2675 in
1241 2616 1385 2676 laterculo
1401 2616 1528 2674 militurn
1545 2613 1689 2692 Coptitano

368 2719 448 2776 edito
471 2735 563 2794 supra
586 2739 614 2776 n.
630 2721 678 2790 15,
703 2721 752 2777 ubi
776 2720 812 2778 de
836 2740 870 2778 ea
892 2721 1023 2779 diximus
1046 2740 1073 2797 p.
1092 2721 1120 2778 9.

408 2816 432 2896 9)
454 2821 545 2879 Redit
567 2822 597 2879 in
621 2822 708 2879 titulo
731 2823 939 2881 Memnoniaco
962 2845 990 2881 n.
1008 2823 1045 2879 37
1071 2823 1141 2880 anni
1157 2823 1205 2880 95.

410 2919 441 3000 ¹⁰)
466 2923 553 2982 Hanc
576 2933 676 2982 castra
698 2925 839 2984 habuisse
863 2927 892 2982 in
915 2927 1056 3003 Aegypto
1084 2925 1239 3002 superiore
1264 2923 1430 2982 docuerunt
1457 2923 1533 2982 tituli
1557 2920 1589 2980 C.
1604 2921 1627 2978 Ι.
1643 2919 1689 2977 01.

369 3027 451 3084 5050
474 3025 559 3102 (anni
579 3027 661 3102 147).
686 3027 763 3086 5081
791 3027 830 3102 (a.
852 3028 934 3103 136).
951 3029 1041 3086 5110.
1087 3027 1144 3084 Est
1166 3027 1255 3085 etiam
1276 3027 1308 3084 in
1330 3026 1448 3085 Notitia
1463 3023 1518 3085 Or.
1541 3043 1565 3082 c.
1581 3021 1626 3094 28,
1646 3023 1688 3078 44.
1749 3017 1750 3024 '

368 3127 486 3187 Horum
509 3129 662 3187 titulorum
690 3129 810 3206 ignarus
833 3130 1042 3204 Desjardinius
1070 3129 1221 3187 cohortem
1249 3129 1305 3187 hoc
1332 3128 1397 3186 loco
1426 3127 1555 3187 inseruit
1580 3127 1687 3201 primam

368 3231 567 3308 Ityraeorum,
590 3232 654 3307 ipse
677 3232 833 3290 confessus
856 3233 920 3290 eius
941 3233 971 3290 in
996 3234 1136 3308 Aegypto
1158 3231 1272 3289 nullum
1297 3231 1456 3307 vestigium
1480 3231 1609 3306 reperiri.

412 3329 446 3410 ¹¹)
470 3331 588 3392 Cohors
611 3333 657 3391 ΙΙΙ
679 3334 868 3410 Ityraeorum
891 3345 979 3393 antea
1006 3335 1175 3394 innotuerat
1201 3353 1239 3392 ex
1266 3333 1340 3392 solis
1367 3333 1465 3392 titulis
1492 3333 1688 3410 praefectorum

371 3434 405 3495 C.
422 3437 485 3508 IX,
511 3437 600 3495 1619.
639 3436 730 3507 VIII,
755 3435 845 3494 2394.
866 3435 947 3496 2395
975 3436 1057 3511 (vide
1086 3455 1178 3511 supra
1205 3455 1233 3512 p.
1250 3437 1336 3512 194);
1370 3447 1469 3494 eastra
1496 3436 1546 3494 ubi
1570 3433 1689 3498 fuissem,

370 3539 573 3616 ignorabatur.
622 3539 657 3598 In
681 3540 821 3616 Aegypto
850 3548 967 3613 praeter
997 3539 1158 3598 secundam
1186 3539 1371 3614 aliquamdiu
1401 3537 1524 3597 stetisse
1551 3537 1689 3614 septimam

370 3661 436 3700 cum
459 3661 497 3700 ex
520 3641 606 3699 titulo
629 3641 836 3700 Memnoniaco
860 3639 894 3700 C.
911 3662 939 3700 n.
953 3642 992 3700 59
1015 3649 1181 3714 constaret,
1210 3660 1275 3700 eam
1299 3642 1355 3699 hoe
1376 3659 1496 3717 quoque
1519 3641 1584 3700 loco
1608 3635 1690 3694 nomi·

371 3754 470 3802 natam
493 3743 588 3802 fnisse
610 3751 699 3803 antea
721 3744 907 3802 conieceram
930 3744 1011 3818 (vide
1028 3761 1120 3819 supra
1139 3763 1168 3819 p.
1184 3743 1256 3820 194)
1264 3765 1273 3815 3
1296 3763 1385 3820 quam
1401 3745 1600 3802 coniecturam
1614 3737 1690 3796 lectio

372 3847 494 3924 expleta
515 3847 677 3925 redarguit.

414 3945 448 4025 12)
471 3949 507 4007 L.
527 3948 673 4008 Laberius
695 3949 846 4008 Maximus
873 3949 950 4008 idem
979 3959 1025 4007 est
1052 3949 1118 4008 sine
1145 3949 1234 4007 dubio
1262 3957 1351 4024 atque
1377 3955 1557 4026 procurator
1580 3943 1691 4002 Iudaeae

372 4073 400 4110 a.
415 4053 450 4109 71
477 4051 634 4129 (Iosephus
656 4052 726 4110 bell.
743 4051 809 4109 Iud.
828 4053 856 4122 7,
872 4051 899 4123 6,
917 4053 948 4109 6:
972 4041 1114 4108 ἐπέστειλε
1129 4053 1242 4134 Καῖσαρ
1255 4042 1363 4126 Brirrcp
1385 4039 1433 4107 uni
1447 4041 1568 4130 Arssspo‘p
1589 4080 1623 4090 ·-
1643 4063 1689 4102 scr.

372 4147 504 4234 Λαβερίῳ
534 4187 572 4196 -
604 4146 740 4235 Magiam,
766 4141 847 4214 odrae
868 4149 899 4212 δ’
925 4143 959 4224 ἦν
983 4145 1157 4234 ἐπίτροπος),
1184 4163 1361 4231 procurator
1387 4151 1609 4229 (amphitheatri
1631 4147 1691 4204 Fla·

373 4256 468 4332 viani)
490 4267 519 4314 et
541 4257 711 4333 praefectus
732 4276 868 4316 annonae
891 4277 917 4316 a.
932 4256 971 4316 80
994 4256 1075 4332 (acta
1091 4257 1195 4315 Arval.
1219 4276 1248 4332 p.
1263 4255 1331 4315 CVl
1348 4253 1497 4331 Henzen).
1534 4253 1604 4310 Eum
1619 4267 1692 4326 prae·

373 4378 481 4418 nomen
510 4359 652 4418 habuisse
673 4358 761 4418 Lucii
784 4369 814 4418 et
835 4379 861 4418 a.
878 4359 916 4418 83
942 4360 1112 4436 Aegyptum
1140 4358 1398 4418 administravisse
1425 4361 1486 4415 ianr
1517 4354 1691 4414 addiscimus.

373 4461 471 4523 Filius
494 4461 558 4520 eius
581 4462 786 4521 videturesse
813 4461 868 4520 Μ’.
891 4461 1038 4521 Laberius
1061 4462 1211 4520 Maximus
1240 4461 1341 4519 clarus
1367 4460 1447 4518 inter
1472 4459 1560 4518 duces
1579 4449 1693 4514 Traiani

374 4564 481 4624 consul
501 4564 533 4621 II
555 4564 724 4624 ordinarius
744 4585 771 4624 a.
787 4564 844 4623 103
869 4565 911 4640 (r.
934 4564 995 4622 ind.
1019 4563 1097 4622 Plin.
1122 4583 1149 4640 p.
1166 4564 1253 4638 416).

418 4662 450 4742 ¹³)
473 4666 591 4726 Tettius
619 4667 753 4726 Iulianus
782 4667 898 4744 legatus
927 4665 1056 4744 legionis
1073 4665 1134 4725 VII
1168 4664 1313 4724 Claudiae
1342 4665 1478 4724 Moesiae
1510 4683 1545 4722 eo
1574 4671 1692 4736 tempore

373 4769 576 4845 praesidentis
597 4779 719 4845 propter
734 4769 911 4828 Roxolanos
933 4769 1029 4827 victos
1052 4787 1078 4826 a.
1096 4768 1135 4828 69
1159 4768 1367 4828 consularibus
1383 4767 1562 4828 ornamentis
1576 4763 1691 4822 donatus

374 4882 421 4931 est
441 4871 582 4948 (Tacitus
605 4872 805 4946 11111.1,79),
832 4871 938 4930 deinde
961 4891 1026 4929 oum
1049 4871 1175 4930 insidias
1198 4871 1254 4930 sibi
1278 4877 1406 4930 structas
1429 4891 1449 4928 a
1469 4872 1565 4948 legato
1586 4865 1690 4942 protin-

375 4975 438 5034 ciae
460 4975 532 5053 suga
553 4975 696 5034 evitasset
717 4974 751 5051 (l.
767 4994 792 5033 c.
817 4973 844 5047 2,
862 4974 926 5051 85),
948 4975 978 5032 in
1002 4993 1028 5032 a.
1042 4973 1080 5032 70
1096 4983 1216 5051 praetor
1232 4981 1349 5032 creatus
1366 4975 1569 5050 magistratum
1583 4978 1692 5046 propter

375 5076 469 5135 falsos
492 5077 612 5136 nuutios
636 5079 662 5136 ei
684 5078 862 5154 abrogatum
885 5096 956 5136 mox
979 5077 1093 5153 recepit
1121 5076 1155 5153 (l.
1171 5095 1196 5134 c.
1220 5079 1249 5147 4,
1272 5077 1321 5134 39.
1338 5077 1401 5152 40).
1452 5073 1608 5134 Consulem
1635 5084 1689 5126 eum

376 5179 486 5239 factum
510 5197 577 5240 esse
600 5199 626 5240 a.
644 5180 681 5240 83
706 5180 764 5238 iam
787 5180 998 5256 comperimus.
