3574 5942
337 453 408 523 126
915 472 1094 525 nouussu

338 576 506 585 ——-....--

376 647 585 706 Protectorum
608 645 667 704 duo
690 664 800 722 genera
821 645 954 716 fuerunt,
984 646 1112 721 Augusti
1135 646 1232 722 ipsius
1255 653 1285 704 et
1305 645 1524 722 praefectorum
1551 655 1667 720 praeto-

334 753 388 807 rio.
432 749 557 807 Illorum
581 749 700 823 plenum
724 765 841 819 nomen,
866 748 945 824 quod
970 752 1101 806 servavit
1123 765 1198 806 unus
1222 746 1327 805 titulus
1349 768 1378 805 n.
1395 749 1424 820 4,
1450 747 1509 806 fuit
1525 755 1670 824 protecm

336 853 426 908 diuini
448 851 545 908 lateris
559 850 685 924 Augusti
705 853 804 920 austri,
828 850 885 921 vel,
909 859 940 907 ut
962 850 1146 926 intellegitur
1160 868 1198 908 ex
1221 867 1249 907 n.
1266 848 1294 906 6.
1315 849 1361 922 16,
1384 849 1509 925 Augusti
1521 849 1601 907 iliius
1617 865 1668 904 no·

336 954 414 1011 mine
436 953 599 1010 enuntiato.
648 953 676 1008 Α
700 952 883 1028 protegendo
911 953 1005 1009 latere
1027 951 1216 1026 imperatoris
1245 970 1353 1010 noman
1381 951 1504 1010 sortitos
1530 967 1599 1009 esse
1627 951 1670 1006 ait

336 1056 425 1112 ctiam
448 1053 620 1112 constitutio
644 1073 670 1111 a.
687 1053 746 1112 416
771 1051 820 1129 (C.
837 1053 894 1110 Tb.
913 1054 940 1122 6,
958 1052 1007 1124 24,
1024 1053 1066 1128 9).
1110 1052 1270 1111 Breviatae
1295 1053 1410 1112 formae
1436 1062 1505 1112 sunt
1526 1063 1671 1130 protector

337 1157 437 1214 lateris
460 1158 551 1213 diuini
573 1176 601 1213 n.
618 1156 652 1225 8,
670 1165 815 1231 protector
836 1156 960 1230 Asrqusti
981 1155 1155 1214 similiterve
1178 1153 1501 1226 catabuli,
1523 1164 1671 1231 protector

337 1260 442 1316 domiui
460 1260 553 1315 nostri
574 1275 603 1314 n.
623 1257 669 1314 15.
705 1256 741 1313 In
765 1257 858 1314 titulis
881 1269 949 1315 ante
965 1255 1185 1315 Diocletianum
1210 1258 1331 1334 seriptis
1354 1275 1420 1316 cum
1435 1257 1566 1335 Augusti
1581 1276 1670 1314 voca-

337 1360 439 1418 bulum
462 1359 538 1417 adici
562 1358 667 1428 soleat,
691 1359 856 1432 posteriore
878 1365 974 1416 aetate
997 1375 1145 1433 nusquam
1168 1359 1350 1436 adscriptum
1371 1360 1524 1436 reperitur.
1542 1391 1580 1403 —-
1596 1357 1673 1415 Pro·

338 1466 403 1520 11111
424 1462 492 1520 1111
515 1459 693 1536 protectoris
710 1459 807 1518 ordini
822 1461 969 1518 honorum
985 1459 1129 1519 insertum
1144 1470 1191 1518 ost
1205 1480 1234 1517 n.
1249 1462 1297 1519 43.
1322 1494 1360 1504 -
1383 1461 1556 1520 Protectoris
1565 1461 1672 1537 11111-

331 1562 486 1638 sectorum)
506 1560 681 1638 pr(aetcric)
696 1562 870 1620 memoriam
886 1561 1018 1618 servavit
1033 1579 1108 1619 unus
1124 1562 1228 1620 titulus
1246 1582 1275 1620 n.
1290 1563 1336 1621 18.
1361 1595 1399 1605 -
1424 1563 1587 1622 Ducanarii
1600 1581 1672 1640 pro-

338 1675 465 1724 tectores
494 1664 684 1739 appellantur
710 1664 739 1721 in
768 1663 864 1722 titulis
892 1671 1020 1739 septem,
1052 1664 1096 1720 sic
1122 1673 1153 1722 ut
1179 1667 1225 1722 cir
1252 1665 1424 1724 ducenarius
1452 1673 1600 1741 protector
1632 1665 1674 1722 sit

339 1788 368 1826 n.
382 1767 430 1836 14,
453 1767 623 1824 ducenarius
634 1775 778 1841 protector
800 1766 870 1824 nb.
887 1766 937 1836 41,
955 1773 1102 1840 protector
1123 1767 1295 1824 ducenarius
1317 1786 1346 1824 n.
1366 1767 1413 1825 11.
1429 1764 1468 1826 22
1491 1779 1521 1826 et
1541 1767 1673 1826 fortasse

339 1889 367 1928 ιι.
386 1869 439 1939 39,
468 1869 639 1926 ducenarius
666 1886 700 1925 ea
722 1867 927 1944 protectoribus
955 1867 1051 1926 lateris
1079 1865 1266 1925 (1111111118.
1315 1867 1384 1927 Hoc
1410 1887 1530 1946 quoque
1556 1869 1674 1928 addita-

339 1979 469 2029 mentum
492 1971 580 2028 tertio
603 1969 721 2028 saeculo
747 1969 890 2028 usitatum
919 1988 980 2027 non
1002 1969 1055 2027 diu
1076 1977 1183 2046 postea
1204 1970 1326 2041 mansit3
1354 1988 1423 2027 nam
1448 1971 1552 2031 titulus
1575 1991 1603 2029 n.
1623 1971 1674 2044 14,

340 2073 392 2150 qui
413 2073 491 2130 inter
512 2073 567 2130 hos
589 2071 810 2130 recentissimas
830 2088 899 2130 esse
914 2071 1039 2144 videtur,
1062 2071 1191 2148 scriptus
1214 2073 1331 2131 videtur
1344 2072 1508 2148 imperante
1522 2071 1675 2132 consun-

309 2173 313 2180 '
339 2174 411 2232 tino.
456 2173 600 2232 Ablatum
623 2191 689 2232 esse
714 2173 805 2231 videri
829 2173 1048 2250 protectoribus
1071 2193 1090 2232 a
1112 2170 1290 2232 Constantio
1311 2174 1392 2232 infra
1412 2181 1586 2249 exponetur.

381 2273 572 2334 Protectores
594 2283 662 2333 ante
685 2276 803 2333 tertium
828 2275 978 2334 saeculum
1001 2275 1099 2334 nullos
1121 2275 1215 2334 fuisse
1237 2285 1271 2334 ut
1292 2295 1331 2334 cx
1347 2276 1466 2334 silentio
1489 2285 1549 2335 tam
1572 2285 1675 2336 aucto·

340 2396 406 2435 rum
429 2395 517 2452 quam
540 2376 671 2454 lapidum
692 2379 757 2435 iure
779 2377 946 2452 colligitur,
969 2378 1011 2434 ita
1032 2377 1151 2453 quando
1174 2378 1327 2452 coeperint
1346 2377 1377 2434 ia
1400 2377 1571 2438 coniectura
1593 2381 1677 2458 posi-

340 2489 403 2537 tum
426 2487 479 2536 est.
524 2476 583 2551 Qui
605 2479 682 2536 vitas
704 2479 915 2554 imperatorum
939 2479 1124 2555 scripserunt
1145 2488 1345 2555 protectorum
1368 2479 1546 2539 mentionem
1560 2478 1679 2540 faciunt

341 2599 407 2638 cum
430 2581 478 2639 ubi
502 2581 599 2658 agitur
621 2579 658 2638 de
681 2577 835 2638 Gordiano
857 2581 953 2656 primo
980 2581 1056 2657 (vita
1077 2581 1235 2640 Maximini
1257 2601 1282 2641 c.
1301 2583 1352 2640 141
1384 2581 1586 2656 Carthaginem
1606 2602 1677 2658 per·

340 2686 416 2740 uenit
441 2700 503 2740 curn
517 2701 634 2758 ,pompa
661 2681 754 2756 regali
781 2691 808 2739 et
829 2683 1035 2756 protectoribus
1062 2692 1088 2739 et
1105 2683 1239 2756 fascibus
1272 2683 1425 2754 laureatis,
1458 2682 1566 2759 quibas
1598 2702 1679 2761 quae

341 2784 524 2859 respondent
545 2783 626 2858 apud
647 2781 852 2841 Herodianum
880 2782 911 2854 7,
936 2785 970 2855 6,
994 2781 1025 2855 2,
1053 2783 1128 2842 haec
1155 2794 1237 2843 suni:
1265 2775 1355 2841 sicera
1379 2774 1410 2841 bi
1437 2779 1518 2862 αὐτῷ
1543 2786 1629 2842 πᾶσα
1661 2783 1678 2855 ἡ
1782 2861 1783 2864 ¹

340 2877 480 2956 βασιλικὴ
503 2874 617 2954 1111πῆ,
642 2886 694 2942 τῶν
715 2872 764 2954 μὲν
785 2887 959 2967 στρατιωτῶν
981 2874 1171 2954 11111ςῆ111
1192 2883 1250 2942 ἐκεῖ
1268 2875 1316 2943 uui
1338 2887 1394 2944 raia
1413 2880 1490 2944 aurci
1516 2881 1566 2956 τήν
1592 2877 1679 2945 πᾶλιν

340 2976 559 3068 ἒπιμηκεττὲρων
581 2979 731 3043 νεανία-κων
753 2982 782 3042 ἒν
803 2977 937 3066 ωχῆματι
959 2987 1015 3044 τῶν
1036 2981 1112 3043 κατὰ
1134 2981 1183 3056 τήν
1197 2980 1305 3058 Ῥώμην
1327 2977 1490 3070 δορυφὸρων
1510 2978 1680 3070 apsidatas·

341 3078 375 3146 ci'
391 3111 422 3145 rs
442 3077 550 3170 ῥάβδοι
573 3077 804 3168 ἔδαφνηφέρουν)
827 3094 888 3146 tum
903 3087 1049 3146 Antonini
1066 3085 1170 3148 Severi
1192 3087 1211 3147 1.
1234 3105 1284 3147 res
1305 3099 1477 3148 enarrantes
1500 3086 1623 3164 (01111.
1642 3090 1678 3148 51

340 3193 489 3266 causi-apii
505 3188 666 3265 periculum
687 3189 758 3247 adiit
780 3200 911 3248 catanae
926 3191 1041 3267 fracta,
1067 3194 1109 3248 ita
1129 3199 1161 3248 at
1182 3195 1213 3248 in
1234 3189 1373 3267 scapbam
1393 3209 1455 3250 1111
1472 3193 1681 3266 protectoribus

342 3294 530 3351 descenderet
574 3291 650 3350 171
678 3295 785 3350 occisus
808 3303 850 3350 est
869 3295 899 3349 in
920 3294 1011 3350 medio
1033 3295 1131 3350 itinere
1152 3334 1180 3350 ..
1205 3311 1266 3351 cum
1289 3293 1427 3352 leuandae
1446 3296 1556 3353 1111111
1576 3297 1681 3369 pratia

342 3414 375 3453 ea
397 3413 467 3470 equo
489 3395 676 3453 descendisset
696 3403 782 3470 atquc
801 3397 874 3453 iuter
892 3402 1062 3469 protectores
1085 3411 1152 3453 suos
1173 3397 1335 3453 coniuratos
1350 3395 1445 3453 caedis
1459 3396 1578 3472 speret).
1616 3394 1682 3456 Sed

342 3496 390 3554 his
411 3494 449 3554 ad
470 3495 677 3572 quaestionem
699 3495 893 3555 decidendam
919 3496 1007 3573 periti
1034 3499 1094 3554 non
1120 3503 1253 3568 utentum
1285 3496 1384 3556 solent
1409 3497 1488 3556 enirn
1514 3498 1680 3574 scriptores

341 3597 388 3656 illi
417 3615 491 3656 suae
516 3597 626 3657 aetatis
653 3597 803 3656 coloribus
831 3597 1000 3674 antiquiora
1032 3597 1201 3677 depingere.
1256 3598 1376 3658 Titulos
1408 3598 1459 3657 ubi
1490 3599 1681 3676 inspicimus,
1782 3599 1783 3602 ’

343 3717 445 3759 eorum
468 3699 519 3776 qui
542 3706 744 3774 protectorum
768 3707 879 3758 certam
901 3699 1074 3758 memoriam
1097 3695 1366 3777 subministrant¹)
1388 3701 1616 3777 antiquissimus
1631 3709 1682 3760 eat

344 3801 438 3861 Tauri
460 3801 503 3876 (n.
522 3799 554 3877 l)
577 3801 642 3860 eius
664 3801 715 3878 qui
736 3800 834 3860 fasces
857 3802 992 3877 suscepit
1012 3821 1038 3861 a.
1056 3801 1113 3861 261
1139 3813 1168 3862 11
1190 3803 1270 3862 circa
1284 3803 1362 3862 idem
1377 3810 1494 3880 tempus
1509 3805 1682 3880 praelectu-

253 3918 258 3929 ·
343 3921 408 3963 ram
431 3903 582 3979 praetorio
604 3902 839 3976 administravit3
861 3903 888 3962 is
911 3921 976 3962 cum
999 3911 1068 3962 ante
1089 3921 1155 3964 eam
1175 3904 1392 3982 praefecturam
1408 3905 1532 3964 alteram
1554 3904 1681 3983 vigilum

344 4005 481 4083 gesserit,
505 4012 573 4064 ante
595 4004 671 4063 bano
691 4006 830 4065 tribunus
852 4005 1059 4081 praetorianus
1081 4007 1291 4084 protectoriam
1313 4007 1485 4086 dignitatem
1508 4007 1682 4080 obtinuerit,
1782 3997 1783 4080 ,

344 4115 424 4165 recte
444 4107 513 4166 inde
536 4105 683 4167 efficietur
703 4114 888 4184 protectores
910 4107 1063 4167 institutos
1085 4127 1153 4168 esse
1174 4117 1243 4169 ante
1256 4108 1451 4168 Valerianum
1474 4107 1682 4186 (253-260).
1782 4091 1783 4112 ³

344 4209 448 4285 Itaque
471 4213 550 4267 eirca
572 4209 726 4268 saeculum
748 4209 867 4268 tertium
889 4209 1018 4269 medium
1041 4228 1061 4267 a
1074 4209 1218 4288 Philippo
1238 4211 1368 4271 fortasse
1390 4210 1438 4268 vel
1459 4229 1479 4269 a
1493 4210 1589 4270 Decio
1611 4229 1683 4287 pro·
1782 4223 1783 4288 ξ

345 4318 472 4370 tectores
495 4310 626 4370 instituti
648 4317 733 4382 sunt;
754 4310 802 4369 cui
825 4312 915 4370 aetati
934 4317 966 4369 ut
981 4310 1086 4371 caedes
1103 4312 1266 4389 principum
1285 4331 1304 4370 a
1317 4312 1476 4372 comitibus
1491 4317 1683 4389 perpetratae

345 4413 486 4490 propriae
508 4421 591 4483 sunt,
618 4412 661 4471 ita
687 4411 780 4471 divini
807 4412 910 4472 lateris
938 4412 1099 4490 singularis
1126 4414 1263 4473 custodia
1289 4413 1357 4473 fidei
1384 4414 1548 4474 deficientis
1575 4421 1685 4490 aperta
1782 4409 1783 4500 1

346 4513 498 4574 confessio
520 4515 639 4592 egregie
660 4514 808 4573 convenit.

406 4669 430 4732 ¹)
449 4669 481 4721 Iu
501 4671 625 4722 laterculo
644 4672 754 4724 militum
773 4673 996 4739 praetorianorum
1016 4689 1039 4725 a.
1056 4675 1107 4725 227
1132 4673 1173 4737 (C.
1186 4675 1239 4736 VI,
1262 4676 1332 4728 2799
1353 4691 1376 4725 r.
1393 4673 1436 4737 12)
1461 4681 1486 4724 11
1511 4675 1594 4725 altaro
1618 4674 1684 4724 anui

347 4761 437 4812 incerti
457 4761 520 4826 (VI,
543 4763 627 4831 2415)
647 4779 713 4830 quae
732 4766 850 4830 leguntur
870 4769 884 4812 7
906 4764 1005 4816 Iuliani
1016 4782 1061 4834 pr.
1087 4773 1112 4816 et
1133 4755 1170 4831 [t]
1193 4765 1277 4818 Primi
1288 4783 1333 4835 pr.
1352 4783 1405 4818 non
1424 4774 1493 4818 recte
1512 4767 1621 4817 1111111111
1640 4781 1684 4816 me

347 4854 380 4904 ad
400 4861 558 4918 protectores
578 4858 678 4906 monuit
696 4857 858 4909 Bormannus
877 4859 999 4924 adlegans
1019 4859 1087 4924 quod
1106 4859 1200 4924 legitur
1218 4859 1245 4909 in
1264 4859 1340 4910 titulo
1358 4859 1455 4910 Pisano
1477 4858 1519 4922 (C.
1532 4859 1587 4919 XI,
1609 4857 1683 4908 1435

348 4963 384 4987 =
403 4945 478 4998 (irrui.
496 4947 558 5010 529,
580 4947 607 5010 2)
627 4949 677 5014 ipsi
696 4949 766 5000 viso:
786 4947 824 5000 M.
844 4951 909 5002 1111.
929 4949 1060 5001 Iustianus
1078 4951 1130 5001 mil.
1149 4949 1204 5003 cab.
1219 4949 1285 5001 1111
1298 4967 1339 5019 pr.
1361 4955 1375 4997 7
1395 4949 1473 5002 Fieri
1485 4951 1557 5018 pria.
1589 4949 1684 5015 Neque

348 5037 400 5088 iam
419 5037 509 5089 dubito
528 5041 556 5089 in
575 5041 724 5091 cohortibus
743 5041 795 5092 illis
818 5045 983 5094 centuriones
1007 5044 1083 5094 binos
1106 5043 1186 5095 luisse
1204 5043 1320 5096 Iulianos
1338 5044 1441 5095 Primos
1460 5041 1553 5094 Floras
1578 5043 1616 5092 its
1643 5041 1684 5092 di·

348 5131 463 5218 stinctos,
483 5139 512 5180 ut
530 5132 597 5183 alter
616 5134 687 5198 prior
706 5134 887 5199 appellaretur,
908 5136 972 5186 alter
991 5137 1128 5202 posterior.
