3524 5932
406 491 476 562 602
857 513 1134 563 emorrannum
1162 513 1245 562 rou.
1266 512 1309 562 111

1664 517 1707 564 tit-t

407 685 478 759 175)
502 684 601 742 consul
616 687 717 761 factrus
741 697 820 756 esset,
842 691 901 744 aiei
922 691 952 744 in
971 687 1125 745 Marianos
1141 687 1304 746 consulatue
1327 686 1368 761 (a.
1382 707 1410 744 u.
1427 705 1453 744 e.
1470 685 1646 763 too-tot)
1664 701 1683 746 et
1696 693 1712 744 in

404 805 452 844 eas
473 791 617 861 petitionis
640 793 789 862 apparatius
812 791 967 859 ‘incidisset
991 809 1056 847 cum
1080 790 1256 866 praesertim
1279 789 1396 865 legatus
1419 790 1462 848 ita
1481 790 1559 849 nude
1575 791 1712 848 dicturum

404 891 563 948 conveniat
585 890 643 948 nisi
668 891 778 949 liberae
803 893 843 949 rei
867 892 1003 968 publicae
1020 893 1205 968 temporibus
1218 887 1258 968 2).
1297 891 1443 950 Fortasse
1459 893 1550 950 etiam
1568 891 1605 965 Q.
1621 893 1713 968 Pompei

405 991 473 1049 Ruti
496 1011 557 1050 eos.
582 1013 606 1052 a.
626 993 684 1050 666
709 1013 804 1070 eoque
828 1013 906 1051 anno
929 995 1010 1053 caesi
1035 1004 1163 1053 statuam
1187 995 1265 1054 idem
1289 996 1421 1071 Agasias
1444 995 1575 1072 sculpsit
1597 994 1642 1068 (ci.
1663 997 1713 1052 inin

404 1115 432 1153 n.
451 1093 555 1170 1424).
596 1094 726 1168 Quinam
750 1105 848 1155 autem
872 1097 960 1154 iuer-it
982 1099 1032 1173 qui
1056 1098 1111 1154 hoc
1135 1098 1221 1155 titulo
1245 1098 1410 1156 honoratur
1432 1106 1462 1156 et
1484 1098 1509 1154 is
1526 1097 1596 1172 quid
1612 1097 1713 1154 beneficii

404 1197 433 1254 in
450 1197 573 1255 Italicos
597 1199 765 1270 contulerit,
789 1200 876 1257 nobis
900 1210 960 1257 tum
984 1199 1085 1257 datum
1109 1200 1165 1257 erit
1188 1200 1274 1271 scire,
1298 1218 1363 1257 cum
1388 1199 1465 1257 forte
1488 1199 1609 1258 fortuna
1629 1201 1713 1274 reliqua

403 1300 480 1357 tituli
505 1319 575 1375 pars
599 1301 753 1376 prodierit.
793 1299 900 1360 Statua
922 1303 992 1360 haee
1014 1302 1168 1359 bellatoris
1186 1301 1390 1360 occumbentis
1406 1320 1589 1378 quamquam
1605 1303 1713 1360 nudaest

403 1423 498 1478 neque
522 1404 563 1461 ita
586 1414 768 1479 comparata,
793 1413 824 1462 ut
847 1405 1060 1462 honoratorum
1078 1403 1208 1462 virorum
1226 1404 1371 1479 imagines
1388 1405 1490 1482 effingi
1507 1405 1615 1474 solent,
1639 1405 1711 1462 nihiln-

403 1506 501 1564 minus
525 1506 628 1564 ducem
653 1506 783 1581 aliquem
807 1508 914 1564 aetatis
938 1507 1019 1564 iilius
1042 1514 1247 1583 repraesentet
1270 1524 1393 1564 necesse
1421 1513 1467 1564 est
1497 1507 1658 1583 (comparat
1673 1507 1712 1563 Ro·

403 1609 506 1665 hertus
529 1619 630 1665 noster
652 1615 782 1667 statuam
806 1609 934 1667 similem
957 1609 1027 1666 item
1054 1608 1123 1666 Deli
1147 1617 1296 1684 repertum
1319 1606 1355 1666 C.
1372 1608 1478 1668 Oiellii
1495 1609 1535 1668 M.
1557 1610 1578 1667 i.
1595 1609 1657 1667 Feri
1673 1609 1711 1664 edi·

403 1720 462 1766 tam
487 1711 555 1767 salt.
577 1712 610 1767 rie
633 1730 706 1769 corr.
724 1712 823 1769 terto
848 1732 875 1788 p.
894 1711 969 1786 391)
992 1729 1119 1786 stumque
1141 1710 1437 1782 civemRomanuu13
1461 1731 1530 1769 nam
1555 1709 1661 1770 Graeco
1678 1713 1712 1768 ho·

402 1813 474 1870 mini
497 1813 588 1889 legati
613 1813 801 1885 vocabulum,
825 1815 913 1872 modo
936 1814 966 1871 id
989 1821 1068 1873 recte
1084 1815 1253 1872 restitutum
1271 1813 1319 1885 sit,
1343 1833 1448 1890 parum
1465 1817 1615 1873 convenit.
1645 1814 1712 1872 Bene·

404 1915 501 1972 ficium
526 1935 584 1991 quo
608 1899 659 1992 qui
683 1917 847 1973 honoratur
870 1917 993 1975 Italicos
1017 1917 1132 1986 affecit,
1159 1915 1348 1976 coniunctum
1369 1917 1501 1976 sortasse
1524 1936 1591 1976 cum
1614 1917 1664 1975 eius
1683 1917 1712 1972 ir·

404 2017 578 2076 terieetione
601 2017 629 2074 in
655 2019 770 2093 proelio
791 2019 903 2094 aliquo,
927 2019 1090 2077 verisimile
1106 2028 1153 2077 est
1168 2027 1305 2096 spectare
1320 2019 1357 2076 ad
1373 2037 1421 2078 ree
1437 2028 1539 2096 gestas
1555 2021 1712 2096 inAegyptn.

404 2119 470 2177 Hoc
493 2121 570 2178 enim
593 2121 772 2179 effossiones
790 2119 933 2179 Deliacae
956 2123 1200 2180 demonstrarunt
1222 2122 1350 2196 septimo
1373 2121 1456 2179 urbis
1478 2122 1601 2181 saeculo
1614 2121 1711 2180 insuitur

404 2232 556 2298 tamquam
580 2242 735 2282 commune
759 2231 848 2299 caput
870 2223 964 2281 fuisse
979 2224 1154 2282 Italicorum
1176 2223 1207 2281 in
1224 2222 1348 2282 Oriente
1371 2225 1554 2284 versantium
1571 2225 1634 2284 etsi
1648 2243 1711 2300 qneu

404 2325 425 2382 ii
441 2325 590 2386 honorare
605 2326 726 2398 vellent,
739 2344 828 2402 saepe
844 2335 972 2384 statuam
989 2326 1176 2384 dedicavisse
1192 2324 1272 2403 apud
1284 2325 1454 2401 Apollinem
1464 2325 1595 2386 Delium.
1622 2325 1709 2384 Addam

404 2428 520 2485 titulum
538 2428 693 2486 Deliacum
718 2437 746 2485 et
768 2447 800 2486 re
823 2435 852 2486 et
874 2438 1007 2506 tempore
1030 2430 1069 2486 ab
1092 2429 1149 2486 hoc
1171 2435 1275 2486 nostro
1299 2446 1358 2486 uon
1374 2427 1586 2488 abhorrentem
1600 2430 1657 2487 item
1670 2425 1711 2484 edi·

404 2539 468 2588 tum
491 2531 527 2588 ab
550 2529 702 2589 Homoltio
721 2531 848 2588 Bottetin
871 2532 888 2588 8
912 2551 940 2606 p.
958 2531 1028 2589 107:
1055 2524 1200 2597 Ῥωμαίων
1221 2530 1244 2588 οἱ
1267 2521 1504 2612 εὐεργετηθέντες
1526 2522 1660 2610 ναύκληροι
1676 2519 1709 2582 aui

405 2625 517 2714 ἔμποροι
539 2629 566 2688 ἓν
588 2633 624 2709 τῇ
645 2623 777 2708 γενομὲνῃ
799 2623 971 2704 καταλήψει
989 2625 1212 2715 Ἀλεξανδρείας
1235 2633 1276 2708 (a.
1298 2643 1330 2691 ut
1351 2633 1470 2690 videtur
1491 2653 1520 2710 p.
1538 2631 1605 2692 Chr.
1621 2631 1675 2699 166,
1693 2651 1710 2686 u.

405 2752 430 2791 c.
445 2731 518 2808 628)
542 2727 596 2790 o‘no'
621 2724 767 2796 Boethium
789 2725 964 2798 Πτολεμαίου
987 2731 1064 2791 θεοῦ
1084 2725 1242 2816 Εὐεργέτου
1265 2725 1366 2812 Λόχον
1389 2728 1574 2804 Καλλιμήδου
1596 2734 1642 2809 (ci.
1658 2730 1709 2790 61.
1743 2793 1744 2802 ,

407 2834 459 2894 Gr.
473 2835 571 2912 4896)
594 2831 640 2893 riv
662 2838 795 2913 συγγενῆ
815 2826 963 2902 βασιλέως
978 2826 1155 2905 Πτολεμαίου
1177 2825 1226 2894 καὶ
1240 2828 1422 2908 βασιλίσσης
1435 2829 1620 2920 Κλεοπάτρας
1635 2833 1712 2916 tigerit
1743 2871 1744 2914 γ

405 2926 496 2995 ἕνεκεν
518 2930 567 2995 καὶ
589 2931 753 3022 εὐεργεσίας
775 2939 825 3008 τῆς
847 2938 885 2999 εἷς
906 2933 1025 3002 {auretio
1046 2929 1215 2998 Ἀπᾶλλωνα
1743 2915 1744 2931 ¹

405 3112 505 3122 ι-..-..-
525 3115 610 3122 --..-...

465 3243 489 3306 ²)
511 3245 551 3294 Ci.
571 3247 648 3296 vohi
668 3263 692 3295 n.
709 3245 771 3296 562.
787 3247 847 3296 605.
887 3247 1025 3296 Decretum
1045 3261 1146 3311 quoque
1164 3245 1345 3310 Gythiensium
1365 3247 1460 3296 iactum
1481 3248 1507 3297 in
1527 3249 1643 3298 honorem
1654 3243 1680 3292 λ’.
1696 3255 1713 3288 et

405 3335 443 3386 M.
456 3317 625 3387 ¹(lloutiorum
644 3338 682 3388 M.
701 3338 718 3387 i.
741 3337 834 3400 (Lebus
854 3346 878 3388 ct
892 3339 1003 3388 Foucart
1021 3355 1047 3388 n.
1063 3340 1152 3388 tata:
1173 3339 1357 3404 Dittenberger
1377 3339 1433 3403 syii.
1453 3355 1479 3389 n.
1495 3340 1557 3400 255)
1577 3351 1636 3402 quos
1650 3335 1712 3385 numi·
1742 3327 1743 3382 i

406 3435 451 3478 nat
469 3417 545 3478 Γᾶιον
565 3419 665 3478 1ο6λιου
682 3417 838 3498 πριοβευτᾶν
856 3427 896 3479 καὶ
912 3419 1030 3482 Hithite
1045 3420 1181 3498 hriapu‘urav
1200 3418 1357 3499 πρεσβευτοῖν
1375 3428 1416 3479 aui
1430 3419 1559 3492 ‘itau'hfimr
1577 3412 1711 3496 apertioris

406 3528 431 3570 et
457 3523 505 3586 ipsi
531 3523 644 3572 eiusdem
669 3525 760 3574 aetatis
784 3532 850 3573 sunt.
900 3525 1044 3574 Antonium
1071 3525 1114 3589 qui
1138 3523 1173 3572 ibi
1199 3523 1348 3573 nominatur
1376 3519 1411 3584 (ir
1434 3521 1468 3587 τῷ·
1498 3520 1536 3572 tut
1558 3513 1713 3590 Taprupmicrc

406 3609 518 3676 Ινιουτιῖ,
546 3600 587 3664 ὅτε
606 3605 736 3673 'Auruncae
759 3613 915 3684 παρεγίνετο)
944 3623 1011 3666 recte
1026 3615 1244 3680 Waddingtouius
1272 3615 1353 3681 (apud
1371 3615 1526 3668 Foucartum
1553 3617 1569 3666 i.
1583 3615 1614 3674 e.)
1636 3611 1714 3674 negarit

405 3709 566 3758 triumvirum
585 3707 713 3773 intellegi;
738 3711 782 3758 sed
802 3725 877 3774 quem
897 3709 1032 3772 proposuit
1052 3709 1081 3759 C.
1101 3708 1245 3758 Antonium
1266 3708 1400 3759 Ciceronis
1420 3711 1445 3760 iu
1466 3711 1596 3760 conantem
1614 3705 1713 3766 ruttepn

405 3809 541 3868 propterea
560 3803 629 3866 quod
648 3804 670 3852 is
689 3803 834 3866 imperante
853 3802 928 3854 Sulla
947 3815 970 3851 a.
982 3803 1033 3851 671
1055 3803 1082 3850 in
1103 3802 1204 3852 Achaia
1223 3801 1339 3853 Graecos
1358 3805 1475 3864 vexarit,
1500 3819 1557 3852 cum
1576 3815 1605 3850 eu
1624 3807 1715 3860 tempere

405 3895 522 3944 tribunus
543 3895 652 3944 militurn
672 3895 781 3944 fortasse
800 3903 878 3955 esset,
903 3911 955 3944 non
976 3895 1058 3958 magis
1077 3895 1113 3944 sic
1130 3894 1260 3944 nominari
1280 3895 1372 3959 potuit.
1410 3896 1495 3946 Immo
1512 3888 1714 3956 intellegimus

406 3989 499 4038 missus
519 3994 609 4038 eontra
627 3987 723 4051 piratas
742 3993 786 4038 aut
805 3993 878 4052 pater
890 3987 928 4036 M.
942 3987 1074 4037 Antonius
1093 3993 1181 4036 orator
1198 3994 1301 4052 praetor
1320 4003 1367 4051 pro
1387 3987 1491 4038 console
1508 4002 1533 4036 ο.
1545 3985 1596 4036 651
1614 3993 1653 4032 aut
1665 3981 1714 4028 ttiu-

407 4080 444 4130 M.
459 4080 589 4130 Antonius
610 4079 725 4130 Creticus
744 4095 767 4130 a.
782 4079 844 4142 680,
864 4079 950 4143 potine
969 4085 1054 4129 autem
1073 4087 1145 4144 pater
1164 4087 1268 4144 propter
1286 4081 1495 4147 orthographiam
1514 4078 1679 4143 antiquiorem.
