3628 5954
365 441 411 510 66
804 459 1079 511 murmurum
1106 459 1188 511 vop.
1208 459 1251 510 111
1580 465 1695 514 1tt·1sr

369 560 502 574 —-—-

361 630 427 690 177
450 632 580 707 lapidem
603 632 763 690 miliarium
785 631 960 708 inscriptum
988 649 1111 688 numero
1131 630 1180 690 XI
1204 630 1339 708 Rsmssy
1362 631 1499 692 Gustsvo
1520 632 1696 694 Hirschfeld

406 734 528 810 scripsit
548 735 719 810 repperisse
740 751 773 792 se
796 734 834 792 ab
850 733 997 792 Aemonio
1012 732 1179 809 (Ahstlrdi)
1195 732 1346 810 Phrygiae
1368 735 1446 794 inter
1463 746 1536 814 sept
1554 744 1584 795 et
1597 737 1697 796 orien-

405 845 464 895 tem
486 855 592 895 versus
614 835 824 895 Tutuubunsr.

703 1248 1044 1310 INSTRVMENTVM
1071 1248 1362 1310 DOMESTICVM.

364 1421 429 1499 178
451 1425 482 1482 in
505 1433 610 1500 potere
630 1423 722 1483 rubra
742 1425 825 1483 intus
848 1444 910 1502 rep.
930 1381 1132 1483 Alexandriae
1155 1424 1286 1483 Troadis
1310 1424 1397 1500 [mus.
1414 1422 1537 1484 Calvert
1558 1424 1595 1484 sd
1616 1424 1697 1483 Dar·

406 1527 561 1601 depellant

978 1627 994 1668 t
1010 1638 1017 1654 ·
1034 1625 1135 1668 sssrr

978 1727 1013 1768 ut

363 1812 486 1891 Lolling
508 1813 676 1894 descripsit

930 2729 1131 2805 AOHAIA.

696 2982 834 3045 ustos
858 2985 901 3062 (p.
918 2985 968 3045 ot.
983 2985 1053 3044 984.
1091 2983 1170 3062 upt.
1184 2983 1230 3044 1v
1252 3004 1281 3062 p.
1297 2984 1362 3060 41).

363 3195 429 3256 179
452 3195 490 3254 od
511 3215 540 3254 n.
557 3194 617 3254 484
644 3195 695 3271 (of.
718 3195 796 3273 Eph.
811 3193 854 3254 lv
875 3216 904 3273 p.
920 3198 958 3254 41
982 3215 1012 3254 n.
1030 3195 1093 3272 75).
1138 3195 1319 3272 Fragmenta
1340 3194 1398 3252 duo
1424 3193 1572 3272 utrimque
1597 3203 1699 3272 rupto,

406 3317 496 3377 supra
517 3308 548 3356 et
567 3298 648 3356 infra
669 3306 766 3356 sutem
789 3298 906 3373 integra
923 3298 1048 3356 inventa
1069 3316 1087 3354 a
1109 3297 1232 3355 meridie
1253 3298 1331 3356 seori
1354 3296 1439 3354 loeus
1461 3294 1618 3354 adfaciem
1635 3315 1700 3354 me-

405 3398 581 3458 ridionalem
604 3400 735 3476 porticus
757 3417 893 3474 magnae,
916 3397 1095 3471 Homollius,
1117 3399 1168 3475 qui
1191 3418 1293 3457 eorum
1318 3398 1388 3456 mihi
1412 3404 1520 3474 ectypa
1541 3397 1634 3470 misit,
1657 3397 1699 3454 sd

404 3501 483 3557 huno
504 3500 619 3558 titulum
642 3501 794 3560 revocavit
813 3499 894 3559 Bell.
919 3501 953 3558 de
976 3519 1049 3559 corr.
1072 3500 1170 3558 lett3
1194 3498 1303 3575 (1879)
1326 3517 1355 3575 p.
1374 3499 1440 3558 149.
1461 3497 1533 3556 150:

716 3619 957 3752 lom
1212 3611 1355 3730 sm)

362 3811 445 3889 prius
467 3819 546 3870 reete
569 3813 635 3870 sine
656 3812 757 3870 dubio.
795 3812 964 3884 Posterius,
987 3813 1017 3869 in
1039 3829 1099 3887 quo
1121 3811 1193 3888 legit
1215 3827 1325 3884 uersor,
1348 3829 1414 3869 oum
1437 3811 1507 3870 item
1525 3809 1581 3886 legi
1598 3813 1702 3886 possit

359 3929 518 3985 messem,
541 3913 682 3972 incertum
706 3921 751 3972 est
772 3932 842 3971 num
865 3913 1042 3990 pertinuerit
1064 3911 1100 3971 ad
1123 3912 1248 3971 eundem
1272 3913 1401 3970 titulum.

977 4069 1282 4078 u———-—

359 4175 427 4237 180
450 4177 489 4235 sd
512 4198 540 4236 n.
557 4179 617 4237 485
640 4179 689 4254 (of.
707 4177 785 4253 Eph.
801 4177 846 4235 IV
869 4198 898 4255 p.
914 4179 949 4236 4l
977 4198 1005 4236 n.
1023 4177 1086 4253 75).
1135 4177 1274 4237 Titulum
1296 4177 1447 4237 invenisse
1470 4195 1504 4236 se
1526 4187 1615 4255 neget
1632 4177 1700 4236 Ho-

403 4279 524 4338 mollius
547 4280 686 4339 secundis
709 4279 788 4338 euris
809 4278 891 4338 Bull.
914 4281 948 4336 do
969 4297 1044 4338 oorr.
1067 4279 1167 4338 tetta
1191 4299 1220 4356 p.
1239 4279 1307 4339 147.
1329 4281 1397 4339 150.

360 4524 420 4587 181
442 4527 481 4586 as
502 4526 580 4605 upr.
596 4525 642 4585 1v
664 4546 694 4605 p.
710 4527 749 4585 42
772 4548 801 4587 n.
818 4528 867 4586 to.
909 4528 1059 4606 Eotypum
1082 4509 1392 4588 mrsrt'uom0110.-
1409 4528 1528 4588 Puncta
1548 4527 1704 4604 quadrata

370 4705 374 4711 Ι
403 4638 483 4689 sunt.
507 4663 545 4672 -
568 4627 605 4686 In
627 4629 728 4704 lapide
750 4629 795 4688 sio
816 4638 875 4688 est:

922 4783 1115 4826 norw-oe

1082 4886 1129 4928 Srro

361 5011 394 5062 'ut
420 5004 533 5062 monuit
559 5013 666 5080 ectypo
687 5005 824 5081 inspecto
847 5003 1114 5066 Domaszewskius
1141 5013 1250 5065 noster.
1276 5039 1313 5049 -
1342 5006 1432 5064 sfin.
1456 4979 1545 5106 seros
1559 5007 1631 5066 mihi
1654 5007 1702 5064 vi·

358 5105 445 5162 detur
466 5122 533 5164 esse
556 5106 585 5163 in
608 5115 727 5182 ectypo.
