3510 5932
373 498 445 566 266
823 519 1094 570 nnomnnssra
1122 520 1206 570 von.
1216 521 1294 571 v111.

370 691 543 766 peragravi,
573 692 669 750 minus
692 701 724 750 ut
746 711 823 749 nova
845 693 1057 769 investigarem
1081 695 1226 754 sollicitus
1254 713 1343 770 quam
1370 712 1445 770 quae
1473 694 1523 750 alii
1551 693 1682 752 ediderant

371 801 404 848 ut
430 793 528 852 denuo
555 797 757 853 examinarem
785 813 819 852 ac
843 795 1002 871 diligenter
1023 797 1196 855 conferrem.
1249 796 1379 855 Domum
1406 813 1545 854 reversus
1570 795 1683 854 intellexi

372 897 475 971 copias
497 898 539 954 ita
560 905 682 973 paratas
708 917 768 955 non
796 897 934 955 sufficere
961 898 998 954 ad
1027 899 1238 973 perficiendum
1266 900 1503 975 supplementum
1530 898 1639 974 plenum
1661 907 1684 954 et

371 997 552 1070 absolutum,
576 1001 628 1057 sed
651 1018 741 1077 posse
765 1001 864 1057 statim
888 1001 1092 1060 commoditati
1115 1021 1217 1060 eorum
1241 1003 1289 1078 qui
1315 1001 1421 1060 studiis
1437 1000 1684 1078 epigraphicista·

371 1109 440 1158 cant
461 1101 504 1158 ita
525 1102 660 1173 consuli,
683 1111 715 1160 ut
737 1121 774 1160 ex
797 1102 909 1177 ingenti
933 1121 1056 1161 numero
1079 1104 1231 1162 titulorum
1255 1104 1305 1178 qui
1329 1111 1398 1178 post
1419 1121 1529 1177 corpus
1551 1102 1627 1159 foras
1645 1101 1684 1156 da·

370 1211 429 1260 tum
453 1204 646 1262 innotuerunt
668 1213 719 1261 aut
741 1203 778 1261 ab
801 1204 870 1262 aliis
893 1213 944 1262 aut
966 1224 984 1261 a
1007 1226 1053 1264 me
1076 1207 1141 1282 ipso
1161 1205 1313 1281 descripti,
1336 1204 1439 1263 selecti
1455 1204 1587 1280 potiores
1601 1203 1684 1259 inhac

369 1407 580 1483 sepulcralium
605 1409 784 1486 farraginem
808 1409 944 1484 exceptis
965 1411 1069 1484 paucis
1090 1419 1210 1486 propter
1225 1408 1432 1485 indigenarum
1448 1408 1569 1466 nomina
1583 1408 1626 1465 vel
1639 1405 1686 1462 alia

367 1510 484 1568 ratione
507 1511 688 1586 insignibuS,
715 1531 816 1569 verum
840 1511 929 1569 etiarn
953 1511 989 1568 de
1010 1513 1134 1588 reliquis
1161 1512 1211 1587 qui
1239 1521 1290 1569 aut
1319 1511 1441 1569 minoris
1468 1510 1606 1572 momenti
1633 1527 1685 1564 esse
1734 1532 1735 1616 p

367 1613 539 1669 viderentur
561 1623 612 1670 aut
634 1612 770 1670 lectionis
793 1613 889 1671 adhuc
911 1633 1015 1689 parum
1044 1614 1204 1672 stabilitae.
1254 1612 1301 1669 Ad
1330 1614 1432 1671 titulos
1461 1622 1559 1670 autem
1586 1611 1639 1668 iam
1663 1611 1687 1666 in
1734 1617 1735 1704 J

369 1711 503 1789 Corpore
526 1715 623 1772 editos
647 1733 723 1790 quae
745 1715 862 1790 repperi
888 1714 932 1773 rel
956 1715 1091 1774 addenda
1112 1717 1160 1774 vel
1186 1715 1387 1783 emendanda,
1414 1715 1461 1772 his
1489 1711 1687 1790 supplementis
1734 1721 1735 1805 p

367 1815 478 1873 inserui
501 1824 615 1874 tantum
639 1834 697 1874 non
720 1817 830 1874 omnia.
876 1816 1064 1893 Quicumque
1087 1818 1165 1876 tituli
1189 1817 1236 1874 hia
1258 1818 1400 1887 eduntur,
1428 1825 1479 1873 aut
1501 1817 1539 1872 ab
1561 1815 1625 1872 aliis
1645 1832 1687 1887 pu·

367 1915 437 1975 blici
459 1917 533 1976 iuris
556 1919 627 1977 facti
651 1929 719 1976 sunt
741 1927 793 1975 aut
814 1937 833 1974 a
853 1937 899 1976 me
915 1939 953 1977 ex
968 1919 1118 1994 lapidibus
1133 1921 1263 1997 excepti;
1287 1919 1317 1976 in
1333 1918 1450 1977 scriniis
1466 1917 1686 1993 antiquariorum

366 2017 574 2078 Parisinorum
598 2030 628 2078 et
644 2021 850 2078 Africanorum
874 2022 924 2096 qui
947 2031 1111 2094 remanent,
1134 2024 1171 2080 ah
1194 2023 1268 2098 ipsis
1289 2020 1469 2098 quandoque
1488 2018 1562 2077 editi
1583 2029 1688 2076 nostrae

368 2119 504 2198 syllogae
527 2122 678 2180 accedent.

409 2223 522 2280 Earum
544 2225 684 2301 partium,
707 2225 784 2283 unde
805 2225 901 2284 adhuc
924 2227 1028 2285 titulos
1043 2228 1183 2303 antiquos
1198 2226 1297 2286 nullos
1312 2226 1373 2284 fere
1389 2225 1599 2293 habueramus,
1619 2238 1688 2295 map-

367 2343 435 2399 pam
457 2326 526 2383 buic
549 2327 756 2403 supplemento
779 2327 888 2386 adiecit
909 2337 994 2387 vetus
1022 2330 1188 2388 studiorum
1217 2339 1386 2387 nostrorum
1414 2327 1533 2384 adiutor
1555 2324 1688 2382 Hearicus

366 2427 501 2504 Kiepert.
547 2426 616 2501 Qua
637 2431 668 2487 in
689 2450 722 2487 re
745 2449 852 2507 magno
875 2431 1009 2490 subsidio
1031 2432 1058 2489 ei
1081 2431 1137 2490 fuit
1160 2449 1281 2507 mappa,
1306 2448 1395 2506 quam
1417 2429 1539 2506 egregio
1562 2427 1688 2501 exempla

367 2529 403 2585 de
426 2530 598 2606 regionibus
621 2551 639 2590 a
661 2550 694 2590 se
716 2532 882 2609 exploratis
905 2533 1068 2593 confectam
1092 2535 1130 2591 ad
1152 2533 1280 2592 Tissotii
1303 2532 1476 2591 relationem
1500 2531 1624 2589 alteram
1647 2528 1689 2585 ad·

366 2631 465 2689 iunxit
486 2630 621 2692 Iulianus
644 2634 798 2692 Poinssot.

408 2733 442 2790 In
464 2734 520 2790 hoe
539 2735 747 2811 supplemento
762 2737 916 2795 condendo
932 2755 997 2795 curn
1014 2737 1210 2811 complurium
1227 2746 1364 2794 notorum
1379 2737 1610 2812 ignotorumque
1623 2735 1691 2792 bona

366 2835 468 2892 officia
489 2847 632 2911 expertus
656 2840 727 2908 sim,
754 2839 804 2913 qui
828 2857 929 2916 eorum
951 2839 981 2895 in
1005 2839 1110 2896 Africa
1132 2839 1370 2917 peregrinantem
1398 2837 1506 2896 studiis
1534 2837 1691 2911 officiisque

366 2937 553 3008 adiuverunt,
576 2939 619 2996 eis
643 2940 755 3016 gratias
777 2939 899 3015 publice
921 2942 967 3016 egi
990 2941 1020 2997 in
1043 2941 1127 2999 brevi
1150 2942 1187 3000 de
1201 2942 1305 3001 itinere
1320 2958 1355 2999 eo
1369 2939 1596 3010 commentario,
1615 2954 1692 3014 quem

366 3039 479 3097 inserui
502 3040 577 3097 actia
604 3041 773 3099 academiae
796 3042 1000 3100 Berolinensia
1026 3043 1191 3102 minoribus
1219 3063 1245 3101 a.
1265 3041 1343 3102 1883
1369 3063 1399 3119 p.
1416 3039 1598 3100 607-616.
1643 3039 1692 3096 Re·

367 3159 473 3199 versus
495 3151 557 3199 tres
579 3143 767 3217 potissimum
792 3148 873 3201 viros
896 3151 1046 3220 tamquam
1070 3146 1169 3205 socios
1190 3145 1290 3218 habui,
1313 3145 1460 3204 Renatum
1483 3140 1604 3220 Cagnat
1620 3139 1693 3198 Dua·
1735 3187 1736 3190 ,

263 3283 267 3290 -
366 3261 496 3314 oensem,
527 3243 677 3302 Iulianum
700 3245 844 3304 Poinseot
866 3247 1052 3318 Parisinum,
1080 3246 1285 3306 Alexandrum
1312 3247 1422 3324 Papier
1443 3245 1627 3303 Bonenseur.
1671 3241 1691 3296 li

366 3363 547 3422 quamquam
574 3345 633 3422 ipsi
660 3347 690 3404 in
718 3347 812 3405 titulis
833 3348 985 3407 Africanis
1012 3358 1042 3408 et
1067 3349 1284 3427 investigandis
1311 3355 1340 3405 et
1366 3347 1489 3406 edendis
1517 3364 1646 3424 gnaram
1669 3353 1694 3400 et
1735 3323 1736 3390 l

364 3447 547 3506 fructuosam
571 3466 691 3523 operam
714 3457 836 3524 ponunt,
859 3451 1053 3510 nihilomiuus
1075 3469 1175 3509 eorum
1191 3469 1268 3528 quos
1281 3449 1464 3526 reperissent
1479 3457 1540 3506 tam
1564 3445 1693 3523 exempla

366 3567 454 3625 quam
477 3559 585 3626 ectypa
606 3569 721 3608 mecum
745 3554 962 3611 communicare
985 3573 1045 3611 non
1068 3553 1292 3625 dubitaverunt,
1316 3558 1470 3627 praeterea
1491 3551 1567 3608 mihi
1590 3549 1693 3626 passim

366 3651 403 3708 de
429 3653 519 3710 variis
545 3653 635 3711 rebus
662 3653 827 3712 sciscitanti
855 3654 959 3713 sedulo
989 3672 1106 3730 semper
1135 3655 1328 3729 officioseque
1355 3652 1579 3730 responderunt
1605 3663 1633 3708 et
1659 3651 1694 3706 ita

366 3753 537 3825 effecerunt,
559 3765 593 3813 ut
615 3755 700 3813 multi
723 3756 800 3814 tituli
823 3756 1008 3815 emendatius
1032 3776 1110 3815 nunc
1132 3757 1268 3834 legantur
1289 3775 1377 3833 quam
1393 3765 1490 3826 antea,
1513 3755 1582 3829 ipse
1604 3761 1693 3810 autem

366 3872 424 3913 non
446 3874 557 3933 paucos
579 3876 697 3917 errores
720 3857 867 3917 evitarim.
905 3856 1104 3931 Quamobrem
1128 3877 1165 3916 ex
1187 3859 1282 3934 copiis
1305 3859 1416 3915 nostris
1439 3857 1537 3932 siqui
1558 3855 1694 3932 proficiet,

367 3957 441 4015 scito
463 3977 529 4016 eam
551 3959 669 4020 laudem
692 3980 750 4019 non
774 3967 833 4018 tam
857 3961 928 4018 mihi
952 3961 1051 4019 deberi
1075 3980 1164 4037 quam
1187 3961 1213 4017 ei
1236 3959 1360 4030 numini,
1383 3977 1401 4016 a
1422 3976 1483 4034 quo
1505 3957 1610 4015 omnia
1631 3973 1695 4031 pen·

366 4059 446 4131 dent,
469 4057 656 4120 Concordiae
677 4063 783 4121 bonae.

407 4161 547 4239 Denique
570 4173 708 4241 superest
728 4172 761 4222 ut
780 4163 886 4222 addam
901 4165 1045 4224 librorum
1062 4173 1091 4223 et
1105 4163 1335 4241 ephemeridem,
1357 4180 1459 4220 eorum
1476 4161 1604 4232 scilieet,
1627 4175 1696 4234 quae

366 4275 437 4339 post
459 4263 568 4324 editum
593 4263 710 4342 Corpus
733 4266 852 4342 publice
874 4267 1058 4344 prodierunt,
1081 4287 1100 4324 a
1121 4287 1167 4326 me
1190 4265 1390 4324 adhibitorum
1411 4280 1580 4322 recensum.

367 4363 539 4425 Amerina
567 4365 756 4426 D'Hn‘roaa.
815 4368 845 4444 1)
872 4369 989 4427 ballatin
1016 4371 1050 4426 de
1073 4368 1243 4428 l’acaddmie
1270 4366 1437 4443 d'Hippoaa
1457 4363 1553 4422 XVII
1576 4382 1604 4422 a.
1623 4359 1694 4420 1882

449 4468 562 4528 XVIII
583 4489 608 4528 a.
630 4468 718 4528 1883.
754 4469 831 4528 XIX
853 4490 879 4530 a.
896 4471 975 4530 1884
998 4491 1026 4547 p.
1045 4470 1159 4529 1-46.
1204 4469 1236 4546 8)
1253 4467 1502 4544 coaptes-rendae
1518 4467 1570 4526 des
1586 4465 1695 4524 aduaeer

449 4571 484 4629 de
506 4571 613 4629 l'acad.
638 4572 808 4648 d’Ha'ppcae
829 4593 856 4630 a.
876 4570 954 4631 1882
976 4572 1049 4630 fasc.
1067 4573 1178 4645 7-10,
1204 4569 1282 4631 1883
1307 4571 1378 4629 fase.
1398 4569 1487 4628 1-9.

366 4671 403 4730 R.
425 4689 467 4730 ns
489 4688 529 4730 nn
551 4673 739 4732 aunncnhns
772 4674 802 4749 1)
827 4693 936 4751 voyage
963 4673 1076 4733 d'dtudc
1102 4675 1175 4732 dans
1202 4692 1255 4732 aaa
1276 4675 1373 4749 partia
1400 4673 1434 4729 de
1461 4670 1493 4727 la
1517 4669 1696 4728 Mauretania

454 4775 634 4847 Odcarienae,
663 4777 694 4834 in
716 4778 846 4836 arcticos
868 4778 917 4835 dea
939 4780 1071 4836 missione
1093 4777 1278 4852 aadeatifiqaea
1301 4785 1325 4833 et
1347 4773 1498 4833 littdraires
1522 4771 1586 4830 vol.
1602 4771 1633 4829 X
1655 4768 1696 4826 rel

449 4879 610 4954 separatim
627 4876 735 4937 editum
748 4879 846 4937 Paris.
866 4878 954 4938 1883.
978 4877 1010 4955 2)
1022 4880 1056 4937 de
1067 4897 1133 4955 rape
1143 4877 1217 4937 Iuba
1229 4880 1303 4954 rapis
1316 4876 1405 4934 Iudae
1414 4875 1479 4950 filio
1492 4873 1594 4932 Paris.
1612 4871 1696 4930 1883.

367 4978 531 5038 Bitansrm
551 4998 612 5040 nes
635 4996 847 5047 anrmramss
871 4983 905 5039 de
927 4981 1040 5039 Franco
1061 4975 1412 5039 a.1880.1881.1888.
1432 4973 1522 5033 1883.

365 5079 529 5140 Bracaris
551 5100 592 5141 ua
617 5099 909 5143 consssronnascn
932 5099 1102 5142 nrnrcarns
1125 5081 1196 5142 fasc.
1216 5081 1298 5139 1-6
1322 5075 1461 5148 a.1882;
1489 5095 1591 5136 novae
1618 5073 1698 5134 seriei

449 5203 477 5244 a.
498 5185 574 5244 1881
597 5186 668 5244 fasc.
688 5187 780 5245 1—3.
