3574 5942
415 480 719 536 ossaavurrouus
737 481 1024 536 artensrmcnn.
1319 465 1389 536 161

77 671 172 730 quoque
193 652 336 714 domuum
360 654 498 713 collectio
521 673 607 714 suam
630 655 798 728 utilitatem,
821 672 856 712 eo
877 655 1008 714 maxime
1029 655 1110 730 quod
1132 655 1320 731 aliquatenus
1343 656 1393 714 de-

78 755 194 826 clarabit,
223 755 345 831 quando
368 755 523 833 imperium
545 756 713 816 Romam
736 756 774 813 ab
796 755 884 814 Italis
906 755 1108 816 administrari
1130 755 1254 814 desierit
1274 766 1304 815 et
1325 775 1393 832 pro·

79 855 199 914 rineialea
223 855 375 932 quomodo
397 875 451 934 per
470 857 582 933 gradus
606 857 692 915 Italis
714 857 771 914 hoc
791 865 930 932 respectu
951 857 1136 933 aequiparati
1164 857 1224 915 sint
1246 857 1291 914 vel
1317 858 1392 916 adeo

80 958 179 1034 praelati
186 978 196 1028 3
221 976 291 1016 nam
314 970 347 1016 ut
368 957 534 1016 cardinales
557 975 653 1035 papae
672 957 802 1016 Romani
825 977 863 1015 ex
884 957 1040 1016 mundanis
1061 953 1133 1016 iacti
1156 966 1225 1015 sunt
1248 957 1328 1030 Itali,
1350 958 1394 1017 ita

79 1059 246 1117 saumario
267 1059 385 1135 imperii
409 1059 537 1117 Romani
559 1059 754 1136 magistratus
777 1078 816 1116 ex
837 1057 924 1116 Italis
947 1068 1119 1131 evaserunt,
1147 1068 1180 1116 ut
1208 1067 1274 1118 utar
1300 1059 1392 1118 verbo

80 1169 129 1235 epto
149 1160 247 1235 magia
271 1179 360 1236 quam
383 1158 506 1230 Latino,
534 1160 711 1235 imperiales.
762 1157 822 1219 Sed
845 1159 907 1217 alia
926 1177 974 1218 res
995 1169 1042 1218 est
1063 1176 1158 1234 neque
1180 1170 1260 1218 recte
1282 1161 1392 1219 finibus

80 1253 490 1332 militiae'circumscribenda3
518 1261 731 1338 complectatur
754 1278 876 1319 neeesse
897 1269 943 1320 est
967 1261 1096 1320 honores
1125 1261 1295 1334 universos,
1323 1280 1390 1320 eum

80 1362 234 1438 praesertim
260 1371 322 1420 tam
348 1361 451 1420 civilia
475 1379 565 1437 quam
592 1362 733 1420 militaria
758 1361 857 1420 ostiola
884 1370 914 1420 et
944 1366 1095 1420 senatoria
1121 1371 1150 1421 ct
1176 1362 1325 1438 equestria
1351 1363 1389 1420 ab

80 1463 162 1520 iisdem
184 1463 247 1520 l'ere
270 1463 443 1521 hominibus
466 1460 606 1538 suscepta
627 1463 696 1521 sint.

110 1563 178 1622 Hine
200 1565 298 1621 oritur
320 1564 500 1640 ambiguitas
523 1563 668 1639 quaedam
690 1565 721 1621 in
742 1564 900 1623 veteranis.
950 1563 1056 1622 Missio
1079 1583 1145 1623 oum
1173 1565 1328 1640 perveniat
1353 1565 1392 1624 ad

80 1665 235 1738 omnesqui
258 1664 602 1742 perannoslegitimos
630 1665 846 1736 militaverunt,
874 1665 1030 1724 mittuntur
1057 1665 1176 1741 quidem
1202 1674 1262 1724 tam
1289 1674 1392 1725 eentu-

81 1767 158 1823 rioues
185 1783 277 1841 quam
305 1765 427 1837 milites3
460 1765 512 1824 sed
538 1767 590 1841 qui
615 1772 682 1824 aute
709 1766 863 1825 missionis
889 1775 1005 1842 tempus
1032 1766 1121 1826 vitem
1149 1767 1310 1826 adsecutus
1334 1775 1391 1839 est,

81 1883 150 1942 saepe
169 1885 188 1925 a
209 1867 355 1925 missione
378 1867 508 1926 abstinet
529 1874 559 1924 et
577 1867 705 1926 militare
721 1868 826 1944 pergit,
850 1866 881 1924 id
896 1867 976 1943 quod
990 1867 1089 1940 militi,
1112 1876 1254 1943 quantum
1270 1869 1393 1940 seimus,

81 1985 125 2024 nou
146 1968 335 2044 permittitur.
382 1968 548 2044 Propterea
574 1968 691 2027 titulum
718 1967 980 2027 Lambaesitanum
1007 1988 1034 2026 a.
1058 1968 1115 2027 166
1144 1968 1283 2029 dedicant
1314 1969 1391 2044 (een-

81 2069 197 2144 turr'ones)
221 2078 249 2127 et
270 2071 400 2128 vernoni
423 2068 474 2145 lep.
490 2068 547 2126 III
559 2068 645 2145 Aug,
669 2072 719 2145 qai
739 2071 863 2128 militare
882 2079 1080 2158 comeant-a.
1100 2071 1158 2128 140
1180 2081 1210 2128 et
1228 2071 1283 2128 141
1308 2071 1391 2146 (ann.

81 2166 163 2226 Consi
180 2169 262 2229 1883
287 2190 314 2247 p.
332 2167 415 2245 382).
459 2166 600 2245 Sequitur
619 2170 688 2228 inde
709 2190 861 2228 numerum
891 2171 1096 2229 centurionum
1123 2181 1191 2246 post
1218 2172 1392 2232 missionem

80 2269 263 2330 defunctorum
288 2289 343 2348 pro
365 2271 503 2347 portione
525 2271 678 2346 aliquanto
705 2273 849 2329 minorem
877 2271 969 2330 fuisse
991 2289 1080 2347 quam
1107 2272 1244 2331 militum.
1292 2272 1392 2331 Etiam

80 2373 155 2446 magis
174 2373 244 2431 inde
271 2373 474 2444 imminuitur,
507 2371 586 2448 quod
612 2372 799 2431 centuriones
826 2383 895 2448 post
921 2390 1017 2432 anuos
1044 2381 1165 2432 coactae
1190 2372 1313 2432 militiae
1341 2392 1392 2431 ex·

80 2471 158 2547 plelos
176 2474 233 2532 sub
254 2474 352 2550 sIgnis
374 2475 480 2532 retenti
502 2473 636 2551 legitimo
659 2491 748 2532 cursu
769 2474 807 2531 ad
829 2473 1041 2550 primipilatum
1064 2475 1188 2551 perduci
1215 2474 1312 2533 solent
1337 2493 1392 2533 nee

80 2571 150 2630 Isrile
169 2575 329 2634 mittuntur
349 2575 409 2632 nisi
431 2584 500 2650 post
521 2575 662 2652 adeptum
684 2575 749 2632 eius
772 2575 885 2633 ordinis
907 2575 1030 2650 gradm
1049 2593 1205 2634 summum.
1243 2574 1327 2635 Haeo
1342 2575 1393 2651 qui

80 2675 228 2734 considerat
243 2675 342 2734 minus
364 2675 532 2748 mirabitur,
555 2677 634 2752 quod
657 2683 717 2734 tam
739 2677 849 2752 exiguo
871 2694 993 2733 numero
1015 2676 1094 2734 tituli
1115 2677 1306 2754 suppeditant
1326 2695 1393 2736 een-

80 2775 190 2836 lurlones
212 2777 340 2836 honesta
367 2775 511 2834 missione
539 2776 679 2836 dimissos
706 2785 737 2836 et
762 2775 843 2852 quod
870 2777 901 2834 in
927 2777 965 2835 iis
994 2777 1097 2853 lingua
1122 2776 1234 2836 Latina
1258 2778 1392 2836 melioris

79 2878 169 2934 auris
188 2878 314 2955 proprio
338 2877 484 2936 vocabulo
507 2887 589 2936 caret
609 2877 803 2954 respondenti
824 2877 1011 2954 primipilari,
1034 2887 1065 2938 ut
1087 2897 1243 2938 commune
1260 2879 1393 2937 veterani

78 2976 152 3036 etiam
172 2979 377 3038 centurionem
400 2979 452 3054 qui
472 2979 530 3037 fuit
550 2979 774 3056 complectatur.
825 2975 980 3038 Castrensi
1002 2979 1120 3038 demum
1146 2998 1282 3039 sermone
1310 2988 1394 3056 post·

78 3097 151 3151 quam
172 3080 300 3138 invaluit
320 3079 412 3138 officii
434 3079 564 3156 depositi
581 3081 760 3156 significabo
776 3099 829 3156 per
844 3080 1097 3157 praepositionem
1113 3099 1155 3152 en,
1178 3081 1236 3140 dici
1254 3089 1392 3158 coeptum

78 3189 113 3236 est
131 3199 188 3239 ron
209 3191 271 3240 tam
294 3200 329 3240 aa
349 3184 508 3240 centurione
530 3178 578 3256 (O.
594 3181 684 3255 VIII,
707 3181 803 3258 9600)
825 3200 929 3258 parum
951 3183 1142 3254 concinnum,
1170 3183 1223 3240 sed
1244 3192 1393 3242 valeanus

78 3297 104 3334 a
121 3265 278 3341 emtmione
299 3286 364 3341 sire
386 3300 419 3340 ar
440 3285 600 3341 centurione
621 3293 768 3342 veteranus
791 3279 844 3357 (O.
859 3280 918 3355 111,
941 3280 1010 3342 225.
1029 3283 1118 3340 1471.
1135 3281 1224 3341 5820.
1248 3284 1285 3355 V,
1300 3282 1392 3343 2831.

80 3377 149 3451 llll,
169 3382 320 3456 923611,
338 3382 434 3454 3365;
456 3403 557 3443 rarum
580 3393 627 3442 est
647 3394 796 3444 ueteranus
819 3401 851 3442 ea
873 3383 1080 3442 eentumonlbue
1101 3383 1141 3458 X,
1160 3383 1251 3455 3370,
1274 3384 1310 3442 de
1332 3401 1393 3459 qua

77 3481 209 3542 motione
230 3485 296 3542 dixi
318 3502 348 3560 p.
365 3481 422 3542 128
448 3485 480 3542 in
505 3491 633 3542 tractatu
661 3484 696 3542 de
723 3484 955 3561 protectoribus)
984 3484 1029 3542 vel
1056 3503 1089 3543 ee
1110 3488 1270 3544 salamone
1289 3488 1393 3544 misane

76 3581 175 3642 laeuo
196 3584 428 3660 missione-(Ill,
444 3583 535 3643 6234.
548 3585 633 3658 VIII,
651 3583 755 3644 26186
774 3585 801 3643 2.
820 3584 925 3661 7080),
947 3604 1013 3644 eum
1033 3585 1230 3645 soloecismus
1244 3595 1394 3645 veteranus

141 3695 271 3705 —a—

77 3733 104 3792 (n
117 3739 202 3802 2826),
222 3742 326 3793 Moesia
345 3742 380 3805 (n.
393 3742 483 3804 2786),
503 3741 565 3792 item
578 3744 751 3794 Viminacium
771 3743 805 3804 (n.
817 3741 899 3804 3001)
920 3749 945 3793 et
958 3743 1074 3794 Ratiaria
1093 3743 1129 3806 (n.
1141 3743 1231 3804 2871),
1252 3743 1394 3807 Pelagonia

76 3827 230 3883 iiwedoniae
252 3834 289 3896 (n.
300 3833 392 3896 2865),
412 3834 527 3885 TraIsns
540 3835 667 3886 Thracitte
682 3835 717 3898 (n.
730 3834 821 3896 2964),
840 3835 950 3900 danique
969 3835 996 3885 in
1010 3835 1102 3885 Africa
1111 3833 1239 3889 Theveste
1253 3838 1289 3896 (ιι.
1301 3834 1393 3896 2878),

76 3917 207 3974 matesis
228 3925 267 3986 (n.
282 3925 374 3988 2980),
395 3924 466 3975 Cirta
485 3925 522 3988 (n.
537 3926 609 3977 2890
627 3935 656 3976 ut
672 3925 792 3987 ridetur).
830 3927 921 3992 Itaque
939 3940 969 3976 es
988 3931 1080 3988 aetate,
1100 3905 1151 3991 qua
1171 3926 1265 3976 milites
1284 3925 1393 3990 legionis

76 4009 214 4065 Numidicae
242 4018 344 4082 origine
368 4030 457 4066 omnes
480 4017 535 4067 Iera
559 4018 620 4068 Afri
645 4024 731 4079 erant,
761 4019 922 4068 centuriones
946 4019 1044 4067 maiora
1072 4031 1105 4066 aa
1134 4023 1208 4082 parte
1236 4017 1340 4067 aliunde
1366 4017 1395 4067 in

76 4101 177 4156 disisam
195 4117 333 4160 venerunt.
369 4109 414 4159 Ad
434 4109 564 4176 quodnam
581 4123 662 4173 genus
681 4123 714 4159 ex
733 4109 815 4158 tribus
834 4123 911 4173 supra
930 4109 1018 4159 relatis
1037 4108 1198 4158 centuriones
1217 4109 1245 4158 hi
1264 4107 1394 4158 referendi

77 4193 129 4254 siut,
147 4197 173 4246 iu
192 4201 344 4250 coniectura
362 4203 474 4266 positum
494 4207 545 4263 est,
569 4215 627 4251 cum
645 4201 797 4265 praesertim
817 4201 979 4250 centuriones
997 4200 1058 4250 laeti
1077 4199 1227 4264 plerumque
1247 4200 1279 4249 de
1296 4199 1395 4264 gregali

77 4284 153 4336 militis
172 4297 290 4353 taeeaut;
310 4292 403 4343 multos
421 4291 556 4358 probabile
578 4298 616 4342 sat
638 4306 671 4341 ex
690 4292 861 4356 praetorianis
880 4291 1017 4356 proficisci.
1063 4289 1104 4340 De
1117 4290 1201 4354 prlmo
1214 4291 1394 4342 centurionatu

77 4375 110 4424 sbi
127 4389 236 4444 maslot,
261 4382 392 4433 interdum
410 4391 541 4449 susceptus
560 4384 643 4433 estin
666 4384 813 4447 provincia,
840 4383 867 4432 in
892 4397 942 4447 qua
966 4383 1039 4432 miles
1062 4387 1133 4432 ortus
1156 4389 1195 4431 est
1217 4387 1243 4432 et
1265 4382 1393 4446 gregalem

77 4471 183 4522 nrmlsse
196 4487 259 4524 eum
273 4474 421 4536 verisimile,
442 4481 470 4524 ut
482 4475 628 4526 Moesiacus
647 4490 673 4525 n.
686 4476 756 4525 2786
771 4475 904 4525 ordinatus
919 4481 957 4524 est
969 4475 996 4523 iu
1009 4473 1135 4538 legionsI
1148 4473 1246 4535 Italics,
1266 4473 1395 4523 similiter-

77 4573 115 4620 que
132 4577 155 4610 r.
169 4563 242 4614 2354
269 4563 371 4620 (aetatis
390 4562 532 4631 Traianae)
558 4566 631 4616 miles
648 4566 759 4631 legionis
777 4566 820 4616 111
843 4568 975 4629 Augustae
994 4571 1020 4614 et
1038 4565 1093 4614 siue
1112 4563 1191 4614 dublo
1210 4565 1309 4629 origine
1329 4564 1396 4615 Ater

77 4663 151 4712 postea
168 4655 195 4706 in
214 4655 260 4704 ala
278 4655 405 4706 Africana
423 4657 516 4707 meruit
534 4658 741 4723 sesquiplicarius
760 4664 785 4706 et
804 4657 972 4721 duplicamus,
1000 4657 1095 4706 deinde
1122 4656 1237 4707 centurio
1255 4655 1338 4706 iaetus
1357 4661 1397 4705 est

77 4739 168 4806 hinnis
187 4747 231 4796 m
254 4747 403 4810 Augustae3
431 4749 478 4799 sed
500 4763 514 4798 e
533 4749 662 4798 cornerio
686 4756 739 4799 tam
758 4748 948 4799 Viminacensis
966 4763 992 4798 n.
1007 4748 1077 4800 6001
1099 4762 1176 4813 quam
1194 4747 1395 4811 Agrippinensis

78 4835 173 4886 112907
198 4839 280 4888 ritem
302 4839 410 4902 primum
433 4847 567 4904 gesserunt
589 4841 616 4890 in
639 4840 741 4904 legione
758 4840 797 4890 v1
820 4841 922 4890 victrice
941 4839 1103 4900 Britannica,
1129 4839 1202 4888 miles
1225 4837 1334 4901 legionis
1352 4836 1396 4886 III

79 4929 193 4990 Ansam
212 4945 239 4980 n.
255 4929 313 4979 217
334 4931 361 4979 iu
380 4931 481 4994 legione
499 4931 527 4982 11
550 4931 653 4992 Italica,
678 4946 743 4996 quse
761 4930 859 4982 Norico
884 4931 1054 4995 praesidebat.
1097 4931 1167 4980 Haec
1192 4929 1337 4992 similiaque
1363 4927 1396 4976 de

78 5019 239 5071 munorum
260 5019 363 5084 origiue
383 5029 409 5070 at
427 5023 589 5086 promotione
619 5029 646 5072 nt
670 5037 722 5072 non
747 5023 837 5073 inutile
861 5023 910 5072 erit
931 5022 1051 5086 colligere
1075 5027 1101 5071 ct
1123 5033 1285 5086 comparare,
1309 5023 1397 5068 nostra

80 5113 271 5162 autumarent
292 5111 347 5161 sine
367 5112 512 5164 discrimlne
535 5113 655 5166 admissa.

149 5217 184 5277 l'.
1133 5222 1168 5277 11
