<?xml version="1.0" encoding="UTF-8"?>
<!DOCTYPE html PUBLIC "-//W3C//DTD XHTML 1.0 Transitional//EN"
    "http://www.w3.org/TR/xhtml1/DTD/xhtml1-transitional.dtd">
<html xmlns="http://www.w3.org/1999/xhtml" xml:lang="en" lang="en">
 <head>
  <title>
</title>
<meta http-equiv="Content-Type" content="text/html;charset=utf-8" />
  <meta name='ocr-system' content='tesseract 3.04.00' />
  <meta name='ocr-capabilities' content='ocr_page ocr_carea ocr_par ocr_line ocrx_word'/>
</head>
<body>
  <div class='ocr_page' id='page_1' title='image "./ephemerisepigra16instgoog_0141.png"; bbox 0 0 3574 5942; ppageno 0'>
   <div class='ocr_carea' id='block_1_1' title="bbox 352 441 1113 511">
    <p class='ocr_par' dir='ltr' id='par_1_1' title="bbox 352 441 1113 511">
     <span class='ocr_line' id='line_1_1' title="bbox 352 441 1113 511; baseline 0.001 -2"><span class='ocrx_word' id='word_1_1' title='bbox 352 441 423 511; x_wconf 78' lang='lat'><strong>128</strong></span> <span class='ocrx_word' id='word_1_2' title='bbox 929 457 1113 510; x_wconf 80' lang='lat' dir='ltr'><strong>nonussn</strong></span> 
     </span>
    </p>
   </div>
   <div class='ocr_carea' id='block_1_2' title="bbox 350 631 1698 4171">
    <p class='ocr_par' dir='ltr' id='par_1_2' title="bbox 350 631 1690 2134">
     <span class='ocr_line' id='line_1_2' title="bbox 350 631 1683 707; baseline -0.003 -16"><span class='ocrx_word' id='word_1_3' title='bbox 350 633 513 692; x_wconf 81' lang='lat' dir='ltr'><strong>eminentes</strong></span> <span class='ocrx_word' id='word_1_4' title='bbox 527 633 556 690; x_wconf 92' lang='lat' dir='ltr'><strong>in</strong></span> <span class='ocrx_word' id='word_1_5' title='bbox 574 632 680 691; x_wconf 87' lang='lat' dir='ltr'><strong>militia</strong></span> <span class='ocrx_word' id='word_1_6' title='bbox 694 632 761 704; x_wconf 84' lang='lat' dir='ltr'><strong>riri,</strong></span> <span class='ocrx_word' id='word_1_7' title='bbox 784 633 913 691; x_wconf 85' lang='lat' dir='ltr'><strong>maxime</strong></span> <span class='ocrx_word' id='word_1_8' title='bbox 928 633 1116 690; x_wconf 77' lang='lat' dir='ltr'><strong>centuriones</strong></span> <span class='ocrx_word' id='word_1_9' title='bbox 1139 640 1168 688; x_wconf 89' lang='lat' dir='ltr'><strong>et</strong></span> <span class='ocrx_word' id='word_1_10' title='bbox 1190 631 1300 690; x_wconf 91' lang='lat' dir='ltr'><strong>tribuni</strong></span> <span class='ocrx_word' id='word_1_11' title='bbox 1323 631 1516 707; x_wconf 87' lang='lat' dir='ltr'><strong>praetoriani,</strong></span> <span class='ocrx_word' id='word_1_12' title='bbox 1539 631 1683 690; x_wconf 88' lang='lat' dir='ltr'><strong>seditem</strong></span> 
     </span>
     <span class='ocr_line' id='line_1_3' title="bbox 350 731 1684 812; baseline -0.002 -20"><span class='ocrx_word' id='word_1_13' title='bbox 350 735 493 812; x_wconf 86' lang='lat' dir='ltr'><strong>praefecti</strong></span> <span class='ocrx_word' id='word_1_14' title='bbox 516 735 668 812; x_wconf 88' lang='lat' dir='ltr'><strong>legionum</strong></span> <span class='ocrx_word' id='word_1_15' title='bbox 691 734 803 809; x_wconf 90' lang='lat' dir='ltr'><strong>aliique</strong></span> <span class='ocrx_word' id='word_1_16' title='bbox 824 735 854 791; x_wconf 91' lang='lat' dir='ltr'><strong>in</strong></span> <span class='ocrx_word' id='word_1_17' title='bbox 877 733 1014 792; x_wconf 88' lang='lat' dir='ltr'><strong>adeundo</strong></span> <span class='ocrx_word' id='word_1_18' title='bbox 1036 733 1217 810; x_wconf 81' lang='lat' dir='ltr'><strong>imperatore</strong></span> <span class='ocrx_word' id='word_1_19' title='bbox 1239 733 1489 812; x_wconf 85' lang='lat' dir='ltr'><strong>protegendoque,</strong></span> <span class='ocrx_word' id='word_1_20' title='bbox 1513 740 1545 791; x_wconf 91' lang='lat' dir='ltr'><strong>ut</strong></span> <span class='ocrx_word' id='word_1_21' title='bbox 1565 733 1625 810; x_wconf 87' lang='lat' dir='ltr'><strong>ipsi</strong></span> <span class='ocrx_word' id='word_1_22' title='bbox 1641 731 1684 789; x_wconf 91' lang='lat' dir='ltr'><strong>di-</strong></span> 
     </span>
     <span class='ocr_line' id='line_1_4' title="bbox 350 833 1686 913; baseline -0.002 -19"><span class='ocrx_word' id='word_1_23' title='bbox 350 845 429 908; x_wconf 90' lang='lat' dir='ltr'><strong>cunt,</strong></span> <span class='ocrx_word' id='word_1_24' title='bbox 453 836 555 895; x_wconf 89' lang='lat' dir='ltr'><strong>divino</strong></span> <span class='ocrx_word' id='word_1_25' title='bbox 577 837 671 894; x_wconf 89' lang='lat' dir='ltr'><strong>latere</strong></span> <span class='ocrx_word' id='word_1_26' title='bbox 692 837 883 913; x_wconf 84' lang='lat' dir='ltr'><strong>praecipuum</strong></span> <span class='ocrx_word' id='word_1_27' title='bbox 906 837 953 894; x_wconf 89' lang='lat' dir='ltr'><strong>ius</strong></span> <span class='ocrx_word' id='word_1_28' title='bbox 976 842 1005 893; x_wconf 89' lang='lat' dir='ltr'><strong>et</strong></span> <span class='ocrx_word' id='word_1_29' title='bbox 1020 835 1150 894; x_wconf 86' lang='lat' dir='ltr'><strong>officium</strong></span> <span class='ocrx_word' id='word_1_30' title='bbox 1166 837 1299 895; x_wconf 88' lang='lat' dir='ltr'><strong>eminens</strong></span> <span class='ocrx_word' id='word_1_31' title='bbox 1322 836 1465 912; x_wconf 85' lang='lat' dir='ltr'><strong>haberent</strong></span> <span class='ocrx_word' id='word_1_32' title='bbox 1485 835 1609 912; x_wconf 91' lang='lat' dir='ltr'><strong>reliquis</strong></span> <span class='ocrx_word' id='word_1_33' title='bbox 1632 833 1686 892; x_wconf 91' lang='lat' dir='ltr'><strong>mi·</strong></span> 
     </span>
     <span class='ocr_line' id='line_1_5' title="bbox 350 937 1686 1016; baseline -0.002 -20"><span class='ocrx_word' id='word_1_34' title='bbox 350 939 503 997; x_wconf 82' lang='lat' dir='ltr'><strong>litantibus</strong></span> <span class='ocrx_word' id='word_1_35' title='bbox 526 937 596 997; x_wconf 89' lang='lat' dir='ltr'><strong>licet</strong></span> <span class='ocrx_word' id='word_1_36' title='bbox 617 939 648 997; x_wconf 89' lang='lat' dir='ltr'><strong>in</strong></span> <span class='ocrx_word' id='word_1_37' title='bbox 670 939 820 1015; x_wconf 91' lang='lat' dir='ltr'><strong>praetorio</strong></span> <span class='ocrx_word' id='word_1_38' title='bbox 843 937 1035 1014; x_wconf 85' lang='lat' dir='ltr'><strong>denegatum,</strong></span> <span class='ocrx_word' id='word_1_39' title='bbox 1058 947 1088 996; x_wconf 89' lang='lat' dir='ltr'><strong>et</strong></span> <span class='ocrx_word' id='word_1_40' title='bbox 1109 946 1267 1016; x_wconf 88' lang='lat' dir='ltr'><strong>propterea</strong></span> <span class='ocrx_word' id='word_1_41' title='bbox 1287 938 1469 1016; x_wconf 90' lang='lat' dir='ltr'><strong>protectoria</strong></span> <span class='ocrx_word' id='word_1_42' title='bbox 1489 937 1634 1014; x_wconf 78' lang='lat' dir='ltr'><strong>dignitate</strong></span> <span class='ocrx_word' id='word_1_43' title='bbox 1656 944 1686 994; x_wconf 92' lang='lat' dir='ltr'><strong>et</strong></span> 
     </span>
     <span class='ocr_line' id='line_1_6' title="bbox 351 1038 1685 1117; baseline -0.001 -19"><span class='ocrx_word' id='word_1_44' title='bbox 351 1040 501 1117; x_wconf 91' lang='lat' dir='ltr'><strong>stipendio</strong></span> <span class='ocrx_word' id='word_1_45' title='bbox 525 1048 612 1098; x_wconf 89' lang='lat' dir='ltr'><strong>aucto</strong></span> <span class='ocrx_word' id='word_1_46' title='bbox 635 1041 862 1098; x_wconf 84' lang='lat' dir='ltr'><strong>cumularentur.</strong></span> <span class='ocrx_word' id='word_1_47' title='bbox 906 1040 1012 1116; x_wconf 86' lang='lat' dir='ltr'><strong>Itaque</strong></span> <span class='ocrx_word' id='word_1_48' title='bbox 1033 1041 1064 1099; x_wconf 94' lang='lat' dir='ltr'><strong>in</strong></span> <span class='ocrx_word' id='word_1_49' title='bbox 1087 1040 1220 1099; x_wconf 82' lang='lat' dir='ltr'><strong>exercitu</strong></span> <span class='ocrx_word' id='word_1_50' title='bbox 1241 1041 1295 1098; x_wconf 90' lang='lat' dir='ltr'><strong>illo</strong></span> <span class='ocrx_word' id='word_1_51' title='bbox 1318 1038 1569 1111; x_wconf 86' lang='lat' dir='ltr'><strong>extraordinario,</strong></span> <span class='ocrx_word' id='word_1_52' title='bbox 1596 1057 1685 1115; x_wconf 89' lang='lat' dir='ltr'><strong>quem</strong></span> 
     </span>
     <span class='ocr_line' id='line_1_7' title="bbox 352 1140 1687 1219; baseline -0.003 -19"><span class='ocrx_word' id='word_1_53' title='bbox 352 1143 388 1200; x_wconf 90' lang='lat' dir='ltr'><strong>ad</strong></span> <span class='ocrx_word' id='word_1_54' title='bbox 413 1141 530 1201; x_wconf 87' lang='lat' dir='ltr'><strong>Gallias</strong></span> <span class='ocrx_word' id='word_1_55' title='bbox 552 1143 774 1218; x_wconf 85' lang='lat' dir='ltr'><strong>recuperandas</strong></span> <span class='ocrx_word' id='word_1_56' title='bbox 796 1140 943 1201; x_wconf 89' lang='lat' dir='ltr'><strong>Claudius</strong></span> <span class='ocrx_word' id='word_1_57' title='bbox 966 1161 993 1199; x_wconf 90' lang='lat' dir='ltr'><strong>s.</strong></span> <span class='ocrx_word' id='word_1_58' title='bbox 1010 1140 1069 1201; x_wconf 83' lang='grc'><strong>969</strong></span> <span class='ocrx_word' id='word_1_59' title='bbox 1091 1143 1121 1200; x_wconf 93' lang='lat' dir='ltr'><strong>in</strong></span> <span class='ocrx_word' id='word_1_60' title='bbox 1144 1141 1373 1202; x_wconf 82' lang='lat' dir='ltr'><strong>Narbonensem</strong></span> <span class='ocrx_word' id='word_1_61' title='bbox 1395 1143 1582 1219; x_wconf 88' lang='lat' dir='ltr'><strong>provinciam</strong></span> <span class='ocrx_word' id='word_1_62' title='bbox 1604 1140 1687 1200; x_wconf 89' lang='lat' dir='ltr'><strong>misit</strong></span> 
     </span>
     <span class='ocr_line' id='line_1_8' title="bbox 351 1242 1686 1322; baseline -0.002 -19"><span class='ocrx_word' id='word_1_63' title='bbox 351 1245 408 1303; x_wconf 90' lang='lat' dir='ltr'><strong>sub</strong></span> <span class='ocrx_word' id='word_1_64' title='bbox 430 1244 503 1302; x_wconf 87' lang='lat' dir='ltr'><strong>duce</strong></span> <span class='ocrx_word' id='word_1_65' title='bbox 525 1244 675 1321; x_wconf 86' lang='lat' dir='ltr'><strong>praefecto</strong></span> <span class='ocrx_word' id='word_1_66' title='bbox 701 1244 824 1322; x_wconf 85' lang='lat' dir='ltr'><strong>vigilum</strong></span> <span class='ocrx_word' id='word_1_67' title='bbox 854 1244 935 1301; x_wconf 89' lang='lat' dir='ltr'><strong>urbis</strong></span> <span class='ocrx_word' id='word_1_68' title='bbox 962 1242 1076 1302; x_wconf 87' lang='lat' dir='ltr'><strong>Romae</strong></span> <span class='ocrx_word' id='word_1_69' title='bbox 1104 1243 1146 1319; x_wconf 92' lang='lat' dir='ltr'><strong>(n.</strong></span> <span class='ocrx_word' id='word_1_70' title='bbox 1170 1244 1219 1320; x_wconf 83' lang='lat'><strong>5),</strong></span> <span class='ocrx_word' id='word_1_71' title='bbox 1253 1252 1332 1303; x_wconf 89' lang='lat' dir='ltr'><strong>recte</strong></span> <span class='ocrx_word' id='word_1_72' title='bbox 1360 1252 1430 1321; x_wconf 90' lang='lat' dir='ltr'><strong>post</strong></span> <span class='ocrx_word' id='word_1_73' title='bbox 1456 1261 1597 1304; x_wconf 81' lang='lat' dir='ltr'><strong>numeros</strong></span> <span class='ocrx_word' id='word_1_74' title='bbox 1625 1262 1686 1302; x_wconf 91' lang='lat' dir='ltr'><strong>non</strong></span> 
     </span>
     <span class='ocr_line' id='line_1_9' title="bbox 351 1343 1686 1425; baseline -0.001 -22"><span class='ocrx_word' id='word_1_75' title='bbox 351 1346 448 1404; x_wconf 89' lang='lat' dir='ltr'><strong>solum</strong></span> <span class='ocrx_word' id='word_1_76' title='bbox 470 1346 634 1423; x_wconf 89' lang='lat' dir='ltr'><strong>praepositi</strong></span> <span class='ocrx_word' id='word_1_77' title='bbox 648 1346 823 1404; x_wconf 76' lang='lat' dir='ltr'><strong>honorifica</strong></span> <span class='ocrx_word' id='word_1_78' title='bbox 844 1345 993 1425; x_wconf 81' lang='lat' dir='ltr'><strong>mentione</strong></span> <span class='ocrx_word' id='word_1_79' title='bbox 1008 1343 1194 1418; x_wconf 85' lang='lat' dir='ltr'><strong>afficiuntur,</strong></span> <span class='ocrx_word' id='word_1_80' title='bbox 1217 1346 1355 1405; x_wconf 90' lang='lat' dir='ltr'><strong>seditem</strong></span> <span class='ocrx_word' id='word_1_81' title='bbox 1370 1345 1523 1405; x_wconf 77' lang='lat' dir='ltr'><strong>ducenarii</strong></span> <span class='ocrx_word' id='word_1_82' title='bbox 1538 1352 1686 1421; x_wconf 87' lang='lat' dir='ltr'><strong>protecto·</strong></span> 
     </span>
     <span class='ocr_line' id='line_1_10' title="bbox 352 1446 1687 1526; baseline 0.001 -22"><span class='ocrx_word' id='word_1_83' title='bbox 352 1467 410 1518; x_wconf 90' lang='lat' dir='ltr'><strong>res,</strong></span> <span class='ocrx_word' id='word_1_84' title='bbox 433 1448 547 1506; x_wconf 89' lang='lat' dir='ltr'><strong>scilicet</strong></span> <span class='ocrx_word' id='word_1_85' title='bbox 567 1447 619 1522; x_wconf 91' lang='lat' dir='ltr'><strong>qui</strong></span> <span class='ocrx_word' id='word_1_86' title='bbox 641 1448 670 1505; x_wconf 93' lang='lat' dir='ltr'><strong>in</strong></span> <span class='ocrx_word' id='word_1_87' title='bbox 694 1466 728 1504; x_wconf 92' lang='lat' dir='ltr'><strong>eo</strong></span> <span class='ocrx_word' id='word_1_88' title='bbox 751 1449 885 1505; x_wconf 88' lang='lat' dir='ltr'><strong>exercitu</strong></span> <span class='ocrx_word' id='word_1_89' title='bbox 908 1454 994 1506; x_wconf 86' lang='lat' dir='ltr'><strong>erant</strong></span> <span class='ocrx_word' id='word_1_90' title='bbox 1015 1447 1189 1524; x_wconf 89' lang='lat' dir='ltr'><strong>praesertim</strong></span> <span class='ocrx_word' id='word_1_91' title='bbox 1212 1466 1249 1506; x_wconf 87' lang='lat' dir='ltr'><strong>ex</strong></span> <span class='ocrx_word' id='word_1_92' title='bbox 1272 1448 1423 1526; x_wconf 84' lang='lat' dir='ltr'><strong>praetorio</strong></span> <span class='ocrx_word' id='word_1_93' title='bbox 1439 1447 1493 1506; x_wconf 90' lang='lat' dir='ltr'><strong>viri</strong></span> <span class='ocrx_word' id='word_1_94' title='bbox 1509 1466 1569 1506; x_wconf 90' lang='lat' dir='ltr'><strong>nou</strong></span> <span class='ocrx_word' id='word_1_95' title='bbox 1583 1446 1687 1518; x_wconf 85' lang='lat' dir='ltr'><strong>duces,</strong></span> 
     </span>
     <span class='ocr_line' id='line_1_11' title="bbox 353 1549 1687 1626; baseline -0.001 -18"><span class='ocrx_word' id='word_1_96' title='bbox 353 1549 404 1608; x_wconf 88' lang='lat' dir='ltr'><strong>sed</strong></span> <span class='ocrx_word' id='word_1_97' title='bbox 426 1549 608 1624; x_wconf 91' lang='lat' dir='ltr'><strong>protectoria</strong></span> <span class='ocrx_word' id='word_1_98' title='bbox 630 1549 775 1625; x_wconf 85' lang='lat' dir='ltr'><strong>dignitate</strong></span> <span class='ocrx_word' id='word_1_99' title='bbox 797 1567 888 1624; x_wconf 89' lang='lat' dir='ltr'><strong>super</strong></span> <span class='ocrx_word' id='word_1_100' title='bbox 905 1549 1035 1624; x_wconf 89' lang='lat' dir='ltr'><strong>reliquos</strong></span> <span class='ocrx_word' id='word_1_101' title='bbox 1050 1549 1221 1608; x_wconf 87' lang='lat' dir='ltr'><strong>eminentes.</strong></span> <span class='ocrx_word' id='word_1_102' title='bbox 1245 1581 1284 1592; x_wconf 92' lang='lat'>-</span> <span class='ocrx_word' id='word_1_103' title='bbox 1307 1549 1471 1609; x_wconf 85' lang='lat' dir='ltr'><strong>Praefectis</strong></span> <span class='ocrx_word' id='word_1_104' title='bbox 1487 1557 1585 1608; x_wconf 89' lang='lat' dir='ltr'><strong>autem</strong></span> <span class='ocrx_word' id='word_1_105' title='bbox 1600 1567 1687 1626; x_wconf 91' lang='lat' dir='ltr'><strong>prae-</strong></span> 
     </span>
     <span class='ocr_line' id='line_1_12' title="bbox 352 1649 1688 1728; baseline -0.001 -18"><span class='ocrx_word' id='word_1_106' title='bbox 352 1652 430 1710; x_wconf 91' lang='lat' dir='ltr'><strong>torio</strong></span> <span class='ocrx_word' id='word_1_107' title='bbox 452 1659 485 1711; x_wconf 91' lang='lat' dir='ltr'><strong>ut</strong></span> <span class='ocrx_word' id='word_1_108' title='bbox 506 1651 669 1709; x_wconf 89' lang='lat' dir='ltr'><strong>consiliarii</strong></span> <span class='ocrx_word' id='word_1_109' title='bbox 693 1661 722 1709; x_wconf 91' lang='lat' dir='ltr'><strong>et</strong></span> <span class='ocrx_word' id='word_1_110' title='bbox 736 1652 1017 1710; x_wconf 82' lang='lat' dir='ltr'><strong>commentarienses</strong></span> <span class='ocrx_word' id='word_1_111' title='bbox 1032 1651 1147 1728; x_wconf 91' lang='lat' dir='ltr'><strong>proprii</strong></span> <span class='ocrx_word' id='word_1_112' title='bbox 1162 1650 1324 1711; x_wconf 77' lang='lat' dir='ltr'><strong>adfuerunt</strong></span> <span class='ocrx_word' id='word_1_113' title='bbox 1338 1650 1531 1726; x_wconf 82' lang='lat' dir='ltr'><strong>(Stactsrecbt</strong></span> <span class='ocrx_word' id='word_1_114' title='bbox 1545 1649 1573 1725; x_wconf 81' lang='lat'><strong>2,</strong></span> <span class='ocrx_word' id='word_1_115' title='bbox 1592 1649 1688 1725; x_wconf 88' lang='grc'>1066)</span> 
     </span>
     <span class='ocr_line' id='line_1_13' title="bbox 354 1752 1690 1831; baseline -0.002 -20"><span class='ocrx_word' id='word_1_116' title='bbox 354 1763 382 1811; x_wconf 90' lang='lat' dir='ltr'><strong>et</strong></span> <span class='ocrx_word' id='word_1_117' title='bbox 404 1760 500 1811; x_wconf 87' lang='lat' dir='ltr'><strong>aetate</strong></span> <span class='ocrx_word' id='word_1_118' title='bbox 522 1753 685 1828; x_wconf 89' lang='lat' dir='ltr'><strong>posteriore</strong></span> <span class='ocrx_word' id='word_1_119' title='bbox 707 1752 816 1811; x_wconf 87' lang='lat' dir='ltr'><strong>notarii</strong></span> <span class='ocrx_word' id='word_1_120' title='bbox 839 1752 1021 1828; x_wconf 85' lang='lat' dir='ltr'><strong>praetoriani</strong></span> <span class='ocrx_word' id='word_1_121' title='bbox 1042 1754 1163 1812; x_wconf 89' lang='lat' dir='ltr'><strong>fuerunt</strong></span> <span class='ocrx_word' id='word_1_122' title='bbox 1183 1753 1296 1829; x_wconf 90' lang='lat' dir='ltr'><strong>pariter</strong></span> <span class='ocrx_word' id='word_1_123' title='bbox 1318 1759 1409 1830; x_wconf 88' lang='lat' dir='ltr'><strong>atque</strong></span> <span class='ocrx_word' id='word_1_124' title='bbox 1427 1753 1622 1831; x_wconf 87' lang='lat' dir='ltr'><strong>imperatorii,</strong></span> <span class='ocrx_word' id='word_1_125' title='bbox 1645 1753 1690 1810; x_wconf 92' lang='lat' dir='ltr'><strong>ita</strong></span> 
     </span>
     <span class='ocr_line' id='line_1_14' title="bbox 353 1854 1689 1932; baseline -0.001 -20"><span class='ocrx_word' id='word_1_126' title='bbox 353 1855 398 1912; x_wconf 93' lang='lat' dir='ltr'><strong>illi</strong></span> <span class='ocrx_word' id='word_1_127' title='bbox 421 1873 492 1914; x_wconf 90' lang='lat' dir='ltr'><strong>suos</strong></span> <span class='ocrx_word' id='word_1_128' title='bbox 515 1873 635 1931; x_wconf 89' lang='lat' dir='ltr'><strong>quoque</strong></span> <span class='ocrx_word' id='word_1_129' title='bbox 651 1862 836 1932; x_wconf 90' lang='lat' dir='ltr'><strong>protectores</strong></span> <span class='ocrx_word' id='word_1_130' title='bbox 851 1855 1026 1914; x_wconf 88' lang='lat' dir='ltr'><strong>habuerunt.</strong></span> <span class='ocrx_word' id='word_1_131' title='bbox 1061 1854 1088 1912; x_wconf 92' lang='lat' dir='ltr'><strong>Ii</strong></span> <span class='ocrx_word' id='word_1_132' title='bbox 1103 1855 1167 1914; x_wconf 89' lang='lat' dir='ltr'><strong>sine</strong></span> <span class='ocrx_word' id='word_1_133' title='bbox 1181 1854 1271 1912; x_wconf 92' lang='lat' dir='ltr'><strong>dubio</strong></span> <span class='ocrx_word' id='word_1_134' title='bbox 1286 1872 1354 1914; x_wconf 88' lang='lat' dir='ltr'><strong>esse</strong></span> <span class='ocrx_word' id='word_1_135' title='bbox 1369 1855 1530 1927; x_wconf 89' lang='lat' dir='ltr'><strong>desierunt,</strong></span> <span class='ocrx_word' id='word_1_136' title='bbox 1553 1873 1620 1914; x_wconf 91' lang='lat' dir='ltr'><strong>cum</strong></span> <span class='ocrx_word' id='word_1_137' title='bbox 1635 1854 1689 1911; x_wconf 89' lang='lat' dir='ltr'><strong>irn-</strong></span> 
     </span>
     <span class='ocr_line' id='line_1_15' title="bbox 353 1954 1690 2035; baseline -0.002 -20"><span class='ocrx_word' id='word_1_138' title='bbox 353 1966 475 2034; x_wconf 88' lang='lat' dir='ltr'><strong>perante</strong></span> <span class='ocrx_word' id='word_1_139' title='bbox 491 1955 691 2015; x_wconf 85' lang='lat' dir='ltr'><strong>Constantino</strong></span> <span class='ocrx_word' id='word_1_140' title='bbox 713 1976 810 2016; x_wconf 91' lang='lat' dir='ltr'><strong>rerum</strong></span> <span class='ocrx_word' id='word_1_141' title='bbox 834 1956 1007 2016; x_wconf 87' lang='lat' dir='ltr'><strong>militarium</strong></span> <span class='ocrx_word' id='word_1_142' title='bbox 1029 1956 1249 2015; x_wconf 86' lang='lat' dir='ltr'><strong>administratio</strong></span> <span class='ocrx_word' id='word_1_143' title='bbox 1271 1974 1291 2014; x_wconf 91' lang='lat' dir='ltr'><strong>a</strong></span> <span class='ocrx_word' id='word_1_144' title='bbox 1308 1957 1468 2034; x_wconf 84' lang='lat' dir='ltr'><strong>praefectis</strong></span> <span class='ocrx_word' id='word_1_145' title='bbox 1483 1956 1635 2035; x_wconf 85' lang='lat' dir='ltr'><strong>praetorio</strong></span> <span class='ocrx_word' id='word_1_146' title='bbox 1650 1954 1690 2013; x_wconf 89' lang='lat' dir='ltr'><strong>ad</strong></span> 
     </span>
     <span class='ocr_line' id='line_1_16' title="bbox 353 2058 912 2134; baseline -0.005 -16"><span class='ocrx_word' id='word_1_147' title='bbox 353 2058 515 2134; x_wconf 88' lang='lat' dir='ltr'><strong>magistros</strong></span> <span class='ocrx_word' id='word_1_148' title='bbox 538 2058 665 2118; x_wconf 90' lang='lat' dir='ltr'><strong>militum</strong></span> <span class='ocrx_word' id='word_1_149' title='bbox 689 2059 837 2118; x_wconf 87' lang='lat' dir='ltr'><strong>translata</strong></span> <span class='ocrx_word' id='word_1_150' title='bbox 858 2067 912 2118; x_wconf 88' lang='lat' dir='ltr'><strong>est.</strong></span> 
     </span>
    </p>

    <p class='ocr_par' dir='ltr' id='par_1_3' title="bbox 353 2158 1692 2850">
     <span class='ocr_line' id='line_1_17' title="bbox 396 2158 1690 2236; baseline -0.003 -16"><span class='ocrx_word' id='word_1_151' title='bbox 396 2158 585 2236; x_wconf 87' lang='lat' dir='ltr'><strong>Stipendium</strong></span> <span class='ocrx_word' id='word_1_152' title='bbox 608 2161 826 2236; x_wconf 89' lang='lat' dir='ltr'><strong>protectoribus</strong></span> <span class='ocrx_word' id='word_1_153' title='bbox 849 2162 988 2220; x_wconf 88' lang='lat' dir='ltr'><strong>omnibus</strong></span> <span class='ocrx_word' id='word_1_154' title='bbox 1010 2160 1089 2219; x_wconf 90' lang='lat' dir='ltr'><strong>idem</strong></span> <span class='ocrx_word' id='word_1_155' title='bbox 1111 2160 1213 2219; x_wconf 88' lang='lat' dir='ltr'><strong>datum</strong></span> <span class='ocrx_word' id='word_1_156' title='bbox 1231 2177 1299 2220; x_wconf 86' lang='lat' dir='ltr'><strong>esse</strong></span> <span class='ocrx_word' id='word_1_157' title='bbox 1322 2161 1490 2221; x_wconf 85' lang='lat' dir='ltr'><strong>sestertium</strong></span> <span class='ocrx_word' id='word_1_158' title='bbox 1505 2159 1690 2219; x_wconf 88' lang='lat' dir='ltr'><strong>ducenorum</strong></span> 
     </span>
     <span class='ocr_line' id='line_1_18' title="bbox 354 2261 1691 2339; baseline -0.001 -19"><span class='ocrx_word' id='word_1_159' title='bbox 354 2261 515 2322; x_wconf 88' lang='lat' dir='ltr'><strong>verisimile</strong></span> <span class='ocrx_word' id='word_1_160' title='bbox 538 2269 597 2334; x_wconf 81' lang='lat' dir='ltr'><strong>est3</strong></span> <span class='ocrx_word' id='word_1_161' title='bbox 620 2272 699 2321; x_wconf 91' lang='lat' dir='ltr'><strong>certe</strong></span> <span class='ocrx_word' id='word_1_162' title='bbox 722 2271 919 2337; x_wconf 89' lang='lat' dir='ltr'><strong>protectorem</strong></span> <span class='ocrx_word' id='word_1_163' title='bbox 943 2263 992 2339; x_wconf 92' lang='lat' dir='ltr'><strong>qui</strong></span> <span class='ocrx_word' id='word_1_164' title='bbox 1008 2262 1148 2339; x_wconf 88' lang='lat' dir='ltr'><strong>stipendii</strong></span> <span class='ocrx_word' id='word_1_165' title='bbox 1164 2263 1344 2321; x_wconf 88' lang='lat' dir='ltr'><strong>mentionem</strong></span> <span class='ocrx_word' id='word_1_166' title='bbox 1360 2263 1449 2322; x_wconf 85' lang='lat' dir='ltr'><strong>faciat</strong></span> <span class='ocrx_word' id='word_1_167' title='bbox 1462 2262 1577 2320; x_wconf 89' lang='lat' dir='ltr'><strong>nullum</strong></span> <span class='ocrx_word' id='word_1_168' title='bbox 1592 2261 1691 2319; x_wconf 88' lang='lat' dir='ltr'><strong>adhuc</strong></span> 
     </span>
     <span class='ocr_line' id='line_1_19' title="bbox 353 2363 1690 2440; baseline -0.001 -18"><span class='ocrx_word' id='word_1_169' title='bbox 353 2364 521 2424; x_wconf 87' lang='lat' dir='ltr'><strong>invenimus</strong></span> <span class='ocrx_word' id='word_1_170' title='bbox 544 2365 603 2422; x_wconf 92' lang='lat' dir='ltr'><strong>nisi</strong></span> <span class='ocrx_word' id='word_1_171' title='bbox 625 2365 826 2422; x_wconf 86' lang='lat' dir='ltr'><strong>ducenarium.</strong></span> <span class='ocrx_word' id='word_1_172' title='bbox 870 2363 1024 2440; x_wconf 87' lang='lat' dir='ltr'><strong>Dignitate</strong></span> <span class='ocrx_word' id='word_1_173' title='bbox 1047 2383 1106 2422; x_wconf 90' lang='lat' dir='ltr'><strong>non</strong></span> <span class='ocrx_word' id='word_1_174' title='bbox 1130 2371 1315 2440; x_wconf 85' lang='lat' dir='ltr'><strong>exaequatos</strong></span> <span class='ocrx_word' id='word_1_175' title='bbox 1339 2364 1433 2424; x_wconf 81' lang='lat' dir='ltr'><strong>fuisse</strong></span> <span class='ocrx_word' id='word_1_176' title='bbox 1457 2374 1690 2424; x_wconf 87' lang='lat' dir='ltr'><strong>consentaneum</strong></span> 
     </span>
     <span class='ocr_line' id='line_1_20' title="bbox 355 2465 1692 2543; baseline -0.001 -20"><span class='ocrx_word' id='word_1_177' title='bbox 355 2478 413 2538; x_wconf 89' lang='lat' dir='ltr'><strong>est,</strong></span> <span class='ocrx_word' id='word_1_178' title='bbox 441 2485 506 2525; x_wconf 92' lang='lat' dir='ltr'><strong>cum</strong></span> <span class='ocrx_word' id='word_1_179' title='bbox 529 2473 747 2543; x_wconf 89' lang='lat' dir='ltr'><strong>protectoratus</strong></span> <span class='ocrx_word' id='word_1_180' title='bbox 770 2465 937 2541; x_wconf 86' lang='lat' dir='ltr'><strong>reperiatur</strong></span> <span class='ocrx_word' id='word_1_181' title='bbox 958 2465 1047 2525; x_wconf 91' lang='lat' dir='ltr'><strong>modo</strong></span> <span class='ocrx_word' id='word_1_182' title='bbox 1070 2466 1109 2524; x_wconf 88' lang='lat' dir='ltr'><strong>ad</strong></span> <span class='ocrx_word' id='word_1_183' title='bbox 1130 2466 1273 2525; x_wconf 89' lang='lat' dir='ltr'><strong>maiorem</strong></span> <span class='ocrx_word' id='word_1_184' title='bbox 1296 2466 1385 2525; x_wconf 90' lang='lat' dir='ltr'><strong>modo</strong></span> <span class='ocrx_word' id='word_1_185' title='bbox 1407 2465 1445 2525; x_wconf 88' lang='lat' dir='ltr'><strong>ad</strong></span> <span class='ocrx_word' id='word_1_186' title='bbox 1467 2469 1612 2526; x_wconf 90' lang='lat' dir='ltr'><strong>minorem</strong></span> <span class='ocrx_word' id='word_1_187' title='bbox 1635 2465 1692 2522; x_wconf 93' lang='lat' dir='ltr'><strong>mi-</strong></span> 
     </span>
     <span class='ocr_line' id='line_1_21' title="bbox 354 2566 1690 2644; baseline -0.001 -19"><span class='ocrx_word' id='word_1_188' title='bbox 354 2568 448 2626; x_wconf 89' lang='lat' dir='ltr'><strong>litiam</strong></span> <span class='ocrx_word' id='word_1_189' title='bbox 471 2567 643 2640; x_wconf 74' lang='lat' dir='ltr'><strong>adiunctusr</strong></span> <span class='ocrx_word' id='word_1_190' title='bbox 670 2577 700 2626; x_wconf 92' lang='lat' dir='ltr'><strong>et</strong></span> <span class='ocrx_word' id='word_1_191' title='bbox 721 2587 790 2627; x_wconf 86' lang='lat' dir='ltr'><strong>vere</strong></span> <span class='ocrx_word' id='word_1_192' title='bbox 812 2568 1002 2626; x_wconf 88' lang='lat' dir='ltr'><strong>inveniuntur</strong></span> <span class='ocrx_word' id='word_1_193' title='bbox 1023 2577 1208 2644; x_wconf 89' lang='lat' dir='ltr'><strong>protectores</strong></span> <span class='ocrx_word' id='word_1_194' title='bbox 1231 2567 1283 2626; x_wconf 89' lang='lat' dir='ltr'><strong>alii</strong></span> <span class='ocrx_word' id='word_1_195' title='bbox 1303 2569 1360 2626; x_wconf 84' lang='lat' dir='ltr'><strong>viri</strong></span> <span class='ocrx_word' id='word_1_196' title='bbox 1382 2567 1593 2643; x_wconf 82' lang='lat' dir='ltr'><strong>perfectissimi</strong></span> <span class='ocrx_word' id='word_1_197' title='bbox 1615 2587 1644 2625; x_wconf 91' lang='lat' dir='ltr'><strong>n.</strong></span> <span class='ocrx_word' id='word_1_198' title='bbox 1660 2566 1690 2639; x_wconf 86' lang='lat'><strong>8,</strong></span> 
     </span>
     <span class='ocr_line' id='line_1_22' title="bbox 355 2668 1692 2748; baseline -0.002 -20"><span class='ocrx_word' id='word_1_199' title='bbox 355 2670 406 2728; x_wconf 89' lang='lat' dir='ltr'><strong>alii</strong></span> <span class='ocrx_word' id='word_1_200' title='bbox 428 2670 484 2729; x_wconf 90' lang='lat' dir='ltr'><strong>viri</strong></span> <span class='ocrx_word' id='word_1_201' title='bbox 507 2670 619 2748; x_wconf 84' lang='lat' dir='ltr'><strong>egregii</strong></span> <span class='ocrx_word' id='word_1_202' title='bbox 642 2691 670 2728; x_wconf 94' lang='lat' dir='ltr'><strong>n.</strong></span> <span class='ocrx_word' id='word_1_203' title='bbox 690 2671 738 2741; x_wconf 93' lang='lat' dir='ltr'><strong>ll,</strong></span> <span class='ocrx_word' id='word_1_204' title='bbox 761 2670 832 2728; x_wconf 90' lang='lat' dir='ltr'><strong>item</strong></span> <span class='ocrx_word' id='word_1_205' title='bbox 855 2669 974 2728; x_wconf 85' lang='lat' dir='ltr'><strong>Taurus</strong></span> <span class='ocrx_word' id='word_1_206' title='bbox 997 2670 1058 2728; x_wconf 92' lang='lat' dir='ltr'><strong>n.l</strong></span> <span class='ocrx_word' id='word_1_207' title='bbox 1085 2669 1121 2726; x_wconf 87' lang='lat' dir='ltr'><strong>ad</strong></span> <span class='ocrx_word' id='word_1_208' title='bbox 1144 2669 1427 2745; x_wconf 78' lang='lat' dir='ltr'><strong>perfectissimarum</strong></span> <span class='ocrx_word' id='word_1_209' title='bbox 1449 2689 1504 2748; x_wconf 90' lang='lat' dir='ltr'><strong>per</strong></span> <span class='ocrx_word' id='word_1_210' title='bbox 1524 2668 1692 2747; x_wconf 85' lang='lat' dir='ltr'><strong>praefectu-</strong></span> 
     </span>
     <span class='ocr_line' id='line_1_23' title="bbox 355 2770 860 2850; baseline 0 -20"><span class='ocrx_word' id='word_1_211' title='bbox 355 2789 418 2830; x_wconf 87' lang='lat' dir='ltr'><strong>ram</strong></span> <span class='ocrx_word' id='word_1_212' title='bbox 441 2771 565 2850; x_wconf 89' lang='lat' dir='ltr'><strong>vigilum</strong></span> <span class='ocrx_word' id='word_1_213' title='bbox 588 2770 708 2830; x_wconf 88' lang='lat' dir='ltr'><strong>demum</strong></span> <span class='ocrx_word' id='word_1_214' title='bbox 730 2781 860 2830; x_wconf 89' lang='lat' dir='ltr'><strong>evectus.</strong></span> 
     </span>
    </p>

    <p class='ocr_par' dir='ltr' id='par_1_4' title="bbox 359 2873 1695 3360">
     <span class='ocr_line' id='line_1_24' title="bbox 400 2873 1693 2951; baseline -0.001 -20"><span class='ocrx_word' id='word_1_215' title='bbox 400 2873 468 2932; x_wconf 91' lang='lat' dir='ltr'><strong>Hoc</strong></span> <span class='ocrx_word' id='word_1_216' title='bbox 490 2881 691 2950; x_wconf 89' lang='lat' dir='ltr'><strong>protectorum</strong></span> <span class='ocrx_word' id='word_1_217' title='bbox 714 2873 883 2932; x_wconf 85' lang='lat' dir='ltr'><strong>institutum</strong></span> <span class='ocrx_word' id='word_1_218' title='bbox 902 2874 1023 2951; x_wconf 83' lang='lat' dir='ltr'><strong>quando</strong></span> <span class='ocrx_word' id='word_1_219' title='bbox 1045 2882 1191 2933; x_wconf 86' lang='lat' dir='ltr'><strong>mutatum</strong></span> <span class='ocrx_word' id='word_1_220' title='bbox 1214 2875 1261 2946; x_wconf 88' lang='lat' dir='ltr'><strong>sit,</strong></span> <span class='ocrx_word' id='word_1_221' title='bbox 1284 2873 1409 2933; x_wconf 87' lang='lat' dir='ltr'><strong>inveniri</strong></span> <span class='ocrx_word' id='word_1_222' title='bbox 1432 2891 1492 2932; x_wconf 90' lang='lat' dir='ltr'><strong>non</strong></span> <span class='ocrx_word' id='word_1_223' title='bbox 1513 2879 1613 2951; x_wconf 87' lang='lat' dir='ltr'><strong>potest</strong></span> <span class='ocrx_word' id='word_1_224' title='bbox 1633 2873 1693 2930; x_wconf 88' lang='lat' dir='ltr'><strong>nisi</strong></span> 
     </span>
     <span class='ocr_line' id='line_1_25' title="bbox 360 2975 1695 3054; baseline -0.001 -21"><span class='ocrx_word' id='word_1_225' title='bbox 360 2975 512 3035; x_wconf 89' lang='lat' dir='ltr'><strong>definitum</strong></span> <span class='ocrx_word' id='word_1_226' title='bbox 528 2975 593 3048; x_wconf 89' lang='lat' dir='ltr'><strong>erit,</strong></span> <span class='ocrx_word' id='word_1_227' title='bbox 610 2976 761 3050; x_wconf 89' lang='lat' dir='ltr'><strong>quomodo</strong></span> <span class='ocrx_word' id='word_1_228' title='bbox 777 2977 814 3034; x_wconf 88' lang='lat' dir='ltr'><strong>ab</strong></span> <span class='ocrx_word' id='word_1_229' title='bbox 830 2977 962 3051; x_wconf 88' lang='lat' dir='ltr'><strong>antiquis</strong></span> <span class='ocrx_word' id='word_1_230' title='bbox 978 2977 1198 3054; x_wconf 85' lang='lat' dir='ltr'><strong>protectoribus</strong></span> <span class='ocrx_word' id='word_1_231' title='bbox 1215 2976 1286 3036; x_wconf 89' lang='lat' dir='ltr'><strong>novi</strong></span> <span class='ocrx_word' id='word_1_232' title='bbox 1302 2975 1453 3048; x_wconf 81' lang='lat' dir='ltr'><strong>differant3</strong></span> <span class='ocrx_word' id='word_1_233' title='bbox 1475 2975 1695 3052; x_wconf 85' lang='lat' dir='ltr'><strong>praecipientes</strong></span> 
     </span>
     <span class='ocr_line' id='line_1_26' title="bbox 359 3075 1695 3156; baseline -0.002 -20"><span class='ocrx_word' id='word_1_234' title='bbox 359 3078 451 3154; x_wconf 88' lang='lat' dir='ltr'><strong>igitur</strong></span> <span class='ocrx_word' id='word_1_235' title='bbox 471 3077 552 3153; x_wconf 90' lang='lat' dir='ltr'><strong>quod</strong></span> <span class='ocrx_word' id='word_1_236' title='bbox 576 3075 655 3135; x_wconf 86' lang='lat' dir='ltr'><strong>infra</strong></span> <span class='ocrx_word' id='word_1_237' title='bbox 680 3076 933 3137; x_wconf 86' lang='lat' dir='ltr'><strong>demonstrabitur</strong></span> <span class='ocrx_word' id='word_1_238' title='bbox 954 3079 1009 3137; x_wconf 90' lang='lat' dir='ltr'><strong>hos</strong></span> <span class='ocrx_word' id='word_1_239' title='bbox 1031 3078 1186 3155; x_wconf 91' lang='lat' dir='ltr'><strong>proprium</strong></span> <span class='ocrx_word' id='word_1_240' title='bbox 1209 3095 1318 3156; x_wconf 87' lang='lat' dir='ltr'><strong>corpus</strong></span> <span class='ocrx_word' id='word_1_241' title='bbox 1341 3077 1477 3138; x_wconf 84' lang='lat' dir='ltr'><strong>effecisse</strong></span> <span class='ocrx_word' id='word_1_242' title='bbox 1500 3095 1518 3135; x_wconf 93' lang='lat' dir='ltr'><strong>a</strong></span> <span class='ocrx_word' id='word_1_243' title='bbox 1540 3093 1595 3134; x_wconf 90' lang='lat' dir='ltr'><strong>suo</strong></span> <span class='ocrx_word' id='word_1_244' title='bbox 1617 3076 1695 3134; x_wconf 88' lang='lat' dir='ltr'><strong>duce</strong></span> 
     </span>
     <span class='ocr_line' id='line_1_27' title="bbox 359 3178 1694 3256; baseline -0.001 -20"><span class='ocrx_word' id='word_1_245' title='bbox 359 3188 471 3237; x_wconf 87' lang='lat' dir='ltr'><strong>rectum</strong></span> <span class='ocrx_word' id='word_1_246' title='bbox 498 3179 556 3237; x_wconf 90' lang='lat' dir='ltr'><strong>iarn</strong></span> <span class='ocrx_word' id='word_1_247' title='bbox 579 3178 750 3250; x_wconf 88' lang='lat' dir='ltr'><strong>videamus,</strong></span> <span class='ocrx_word' id='word_1_248' title='bbox 782 3180 901 3255; x_wconf 86' lang='lat' dir='ltr'><strong>quando</strong></span> <span class='ocrx_word' id='word_1_249' title='bbox 928 3178 1074 3254; x_wconf 89' lang='lat' dir='ltr'><strong>incipiant</strong></span> <span class='ocrx_word' id='word_1_250' title='bbox 1099 3187 1285 3256; x_wconf 88' lang='lat' dir='ltr'><strong>protectores</strong></span> <span class='ocrx_word' id='word_1_251' title='bbox 1313 3187 1434 3256; x_wconf 91' lang='lat' dir='ltr'><strong>propter</strong></span> <span class='ocrx_word' id='word_1_252' title='bbox 1459 3185 1694 3255; x_wconf 86' lang='lat' dir='ltr'><strong>protectoratnm</strong></span> 
     </span>
     <span class='ocr_line' id='line_1_28' title="bbox 361 3277 1670 3360; baseline -0.003 -21"><span class='ocrx_word' id='word_1_253' title='bbox 361 3281 514 3356; x_wconf 87' lang='lat' dir='ltr'><strong>antiquum</strong></span> <span class='ocrx_word' id='word_1_254' title='bbox 537 3277 669 3339; x_wconf 84' lang='lat' dir='ltr'><strong>officium</strong></span> <span class='ocrx_word' id='word_1_255' title='bbox 692 3281 849 3359; x_wconf 87' lang='lat' dir='ltr'><strong>deponere,</strong></span> <span class='ocrx_word' id='word_1_256' title='bbox 872 3282 943 3340; x_wconf 89' lang='lat' dir='ltr'><strong>item</strong></span> <span class='ocrx_word' id='word_1_257' title='bbox 964 3280 1085 3357; x_wconf 90' lang='lat' dir='ltr'><strong>quando</strong></span> <span class='ocrx_word' id='word_1_258' title='bbox 1106 3281 1251 3360; x_wconf 89' lang='lat' dir='ltr'><strong>incipiant</strong></span> <span class='ocrx_word' id='word_1_259' title='bbox 1272 3288 1471 3359; x_wconf 86' lang='lat' dir='ltr'><strong>protectorum</strong></span> <span class='ocrx_word' id='word_1_260' title='bbox 1495 3278 1670 3356; x_wconf 82' lang='lat' dir='ltr'><strong>praepositi.</strong></span> 
     </span>
    </p>

    <p class='ocr_par' dir='ltr' id='par_1_5' title="bbox 361 3381 1698 4171">
     <span class='ocr_line' id='line_1_29' title="bbox 402 3381 1696 3460; baseline -0.002 -19"><span class='ocrx_word' id='word_1_261' title='bbox 402 3382 492 3441; x_wconf 86' lang='lat' dir='ltr'><strong>Prior</strong></span> <span class='ocrx_word' id='word_1_262' title='bbox 512 3382 649 3458; x_wconf 89' lang='lat' dir='ltr'><strong>quaestio</strong></span> <span class='ocrx_word' id='word_1_263' title='bbox 671 3382 781 3459; x_wconf 88' lang='lat' dir='ltr'><strong>pendet</strong></span> <span class='ocrx_word' id='word_1_264' title='bbox 801 3400 906 3442; x_wconf 91' lang='lat' dir='ltr'><strong>rursus</strong></span> <span class='ocrx_word' id='word_1_265' title='bbox 929 3382 1150 3460; x_wconf 87' lang='lat' dir='ltr'><strong>quodammodo</strong></span> <span class='ocrx_word' id='word_1_266' title='bbox 1173 3383 1407 3459; x_wconf 86' lang='lat' dir='ltr'><strong>agrammatica,</strong></span> <span class='ocrx_word' id='word_1_267' title='bbox 1430 3381 1546 3442; x_wconf 89' lang='lat' dir='ltr'><strong>scilicet</strong></span> <span class='ocrx_word' id='word_1_268' title='bbox 1566 3397 1696 3457; x_wconf 87' lang='lat' dir='ltr'><strong>praepo·</strong></span> 
     </span>
     <span class='ocr_line' id='line_1_30' title="bbox 361 3481 1696 3561; baseline -0.004 -17"><span class='ocrx_word' id='word_1_269' title='bbox 361 3483 479 3544; x_wconf 89' lang='lat' dir='ltr'><strong>sitionis</strong></span> <span class='ocrx_word' id='word_1_270' title='bbox 502 3502 538 3542; x_wconf 78' lang='lat' dir='ltr'><strong>ea</strong></span> <span class='ocrx_word' id='word_1_271' title='bbox 556 3502 622 3543; x_wconf 89' lang='lat' dir='ltr'><strong>curn</strong></span> <span class='ocrx_word' id='word_1_272' title='bbox 646 3483 869 3544; x_wconf 90' lang='lat' dir='ltr'><strong>condicionibus</strong></span> <span class='ocrx_word' id='word_1_273' title='bbox 892 3494 922 3544; x_wconf 90' lang='lat' dir='ltr'><strong>et</strong></span> <span class='ocrx_word' id='word_1_274' title='bbox 943 3485 1107 3544; x_wconf 90' lang='lat' dir='ltr'><strong>honoribus</strong></span> <span class='ocrx_word' id='word_1_275' title='bbox 1130 3485 1305 3543; x_wconf 88' lang='lat' dir='ltr'><strong>coniunctae</strong></span> <span class='ocrx_word' id='word_1_276' title='bbox 1321 3502 1467 3561; x_wconf 88' lang='lat' dir='ltr'><strong>quaenam</strong></span> <span class='ocrx_word' id='word_1_277' title='bbox 1489 3484 1536 3543; x_wconf 85' lang='lat' dir='ltr'><strong>ris</strong></span> <span class='ocrx_word' id='word_1_278' title='bbox 1557 3483 1606 3542; x_wconf 89' lang='lat' dir='ltr'><strong>sit.</strong></span> <span class='ocrx_word' id='word_1_279' title='bbox 1646 3481 1696 3539; x_wconf 88' lang='lat' dir='ltr'><strong>Ea</strong></span> 
     </span>
     <span class='ocr_line' id='line_1_31' title="bbox 362 3583 1695 3663; baseline -0.002 -21"><span class='ocrx_word' id='word_1_280' title='bbox 362 3595 461 3644; x_wconf 88' lang='lat' dir='ltr'><strong>autem</strong></span> <span class='ocrx_word' id='word_1_281' title='bbox 484 3585 596 3661; x_wconf 87' lang='lat' dir='ltr'><strong>duplex</strong></span> <span class='ocrx_word' id='word_1_282' title='bbox 618 3595 674 3644; x_wconf 89' lang='lat' dir='ltr'><strong>est.</strong></span> <span class='ocrx_word' id='word_1_283' title='bbox 716 3586 796 3646; x_wconf 85' lang='lat' dir='ltr'><strong>Nam</strong></span> <span class='ocrx_word' id='word_1_284' title='bbox 819 3587 870 3644; x_wconf 91' lang='lat' dir='ltr'><strong>ubi</strong></span> <span class='ocrx_word' id='word_1_285' title='bbox 893 3586 1028 3663; x_wconf 90' lang='lat' dir='ltr'><strong>sequitur</strong></span> <span class='ocrx_word' id='word_1_286' title='bbox 1049 3586 1175 3661; x_wconf 84' lang='lat' dir='ltr'><strong>pluralis</strong></span> <span class='ocrx_word' id='word_1_287' title='bbox 1197 3585 1245 3644; x_wconf 87' lang='lat' dir='ltr'><strong>rel</strong></span> <span class='ocrx_word' id='word_1_288' title='bbox 1272 3586 1440 3662; x_wconf 87' lang='lat' dir='ltr'><strong>plurativae</strong></span> <span class='ocrx_word' id='word_1_289' title='bbox 1466 3583 1695 3662; x_wconf 86' lang='lat' dir='ltr'><strong>significationis</strong></span> 
     </span>
     <span class='ocr_line' id='line_1_32' title="bbox 361 3686 1697 3765; baseline -0.001 -20"><span class='ocrx_word' id='word_1_290' title='bbox 361 3686 548 3760; x_wconf 86' lang='lat' dir='ltr'><strong>vocabulum,</strong></span> <span class='ocrx_word' id='word_1_291' title='bbox 570 3693 670 3764; x_wconf 90' lang='lat' dir='ltr'><strong>potest</strong></span> <span class='ocrx_word' id='word_1_292' title='bbox 691 3687 735 3746; x_wconf 89' lang='lat' dir='ltr'><strong>ita</strong></span> <span class='ocrx_word' id='word_1_293' title='bbox 756 3687 917 3764; x_wconf 88' lang='lat' dir='ltr'><strong>significari</strong></span> <span class='ocrx_word' id='word_1_294' title='bbox 939 3707 1007 3747; x_wconf 90' lang='lat' dir='ltr'><strong>eum</strong></span> <span class='ocrx_word' id='word_1_295' title='bbox 1029 3687 1066 3746; x_wconf 91' lang='lat' dir='ltr'><strong>de</strong></span> <span class='ocrx_word' id='word_1_296' title='bbox 1087 3705 1148 3763; x_wconf 91' lang='lat' dir='ltr'><strong>quo</strong></span> <span class='ocrx_word' id='word_1_297' title='bbox 1171 3689 1269 3765; x_wconf 87' lang='lat' dir='ltr'><strong>agitur</strong></span> <span class='ocrx_word' id='word_1_298' title='bbox 1290 3695 1342 3747; x_wconf 90' lang='lat' dir='ltr'><strong>aut</strong></span> <span class='ocrx_word' id='word_1_299' title='bbox 1362 3706 1397 3748; x_wconf 91' lang='lat' dir='ltr'><strong>eo</strong></span> <span class='ocrx_word' id='word_1_300' title='bbox 1412 3705 1536 3748; x_wconf 91' lang='lat' dir='ltr'><strong>numero</strong></span> <span class='ocrx_word' id='word_1_301' title='bbox 1558 3705 1697 3763; x_wconf 88' lang='lat' dir='ltr'><strong>compre-</strong></span> 
     </span>
     <span class='ocr_line' id='line_1_33' title="bbox 361 3787 1696 3864; baseline -0.001 -18"><span class='ocrx_word' id='word_1_302' title='bbox 361 3788 452 3847; x_wconf 91' lang='lat' dir='ltr'><strong>hendi</strong></span> <span class='ocrx_word' id='word_1_303' title='bbox 479 3800 531 3847; x_wconf 87' lang='lat' dir='ltr'><strong>aut</strong></span> <span class='ocrx_word' id='word_1_304' title='bbox 558 3806 594 3848; x_wconf 88' lang='lat' dir='ltr'><strong>eo</strong></span> <span class='ocrx_word' id='word_1_305' title='bbox 620 3789 687 3846; x_wconf 93' lang='lat' dir='ltr'><strong>loco</strong></span> <span class='ocrx_word' id='word_1_306' title='bbox 714 3789 787 3848; x_wconf 88' lang='lat' dir='ltr'><strong>olim</strong></span> <span class='ocrx_word' id='word_1_307' title='bbox 812 3789 915 3848; x_wconf 86' lang='lat' dir='ltr'><strong>fuisse.</strong></span> <span class='ocrx_word' id='word_1_308' title='bbox 958 3789 1037 3847; x_wconf 91' lang='lat' dir='ltr'><strong>Illud</strong></span> <span class='ocrx_word' id='word_1_309' title='bbox 1063 3798 1098 3847; x_wconf 91' lang='lat' dir='ltr'><strong>ut</strong></span> <span class='ocrx_word' id='word_1_310' title='bbox 1123 3789 1271 3848; x_wconf 90' lang='lat' dir='ltr'><strong>communi</strong></span> <span class='ocrx_word' id='word_1_311' title='bbox 1300 3807 1436 3850; x_wconf 89' lang='lat' dir='ltr'><strong>sermone</strong></span> <span class='ocrx_word' id='word_1_312' title='bbox 1463 3789 1577 3849; x_wconf 91' lang='lat' dir='ltr'><strong>obtinet</strong></span> <span class='ocrx_word' id='word_1_313' title='bbox 1607 3787 1696 3864; x_wconf 89' lang='lat' dir='ltr'><strong>(narn</strong></span> 
     </span>
     <span class='ocr_line' id='line_1_34' title="bbox 361 3889 1698 3968; baseline -0.002 -20"><span class='ocrx_word' id='word_1_314' title='bbox 361 3908 435 3949; x_wconf 87' lang='lat' dir='ltr'><strong>uuus</strong></span> <span class='ocrx_word' id='word_1_315' title='bbox 459 3909 492 3948; x_wconf 82' lang='lat' dir='ltr'><strong>ec</strong></span> <span class='ocrx_word' id='word_1_316' title='bbox 513 3893 623 3961; x_wconf 86' lang='lat' dir='ltr'><strong>amicis,</strong></span> <span class='ocrx_word' id='word_1_317' title='bbox 644 3891 719 3948; x_wconf 86' lang='lat' dir='ltr'><strong>alter</strong></span> <span class='ocrx_word' id='word_1_318' title='bbox 741 3909 776 3949; x_wconf 78' lang='lat' dir='ltr'><strong>aa</strong></span> <span class='ocrx_word' id='word_1_319' title='bbox 796 3893 957 3950; x_wconf 83' lang='lat' dir='ltr'><strong>censoribus</strong></span> <span class='ocrx_word' id='word_1_320' title='bbox 979 3891 1093 3968; x_wconf 89' lang='lat' dir='ltr'><strong>optima</strong></span> <span class='ocrx_word' id='word_1_321' title='bbox 1114 3899 1212 3950; x_wconf 88' lang='lat' dir='ltr'><strong>aetate</strong></span> <span class='ocrx_word' id='word_1_322' title='bbox 1234 3899 1384 3968; x_wconf 90' lang='lat' dir='ltr'><strong>receptum</strong></span> <span class='ocrx_word' id='word_1_323' title='bbox 1405 3891 1488 3968; x_wconf 83' lang='lat' dir='ltr'><strong>soit),</strong></span> <span class='ocrx_word' id='word_1_324' title='bbox 1515 3893 1559 3950; x_wconf 85' lang='lat' dir='ltr'><strong>ita</strong></span> <span class='ocrx_word' id='word_1_325' title='bbox 1581 3909 1600 3948; x_wconf 92' lang='lat' dir='ltr'><strong>a</strong></span> <span class='ocrx_word' id='word_1_326' title='bbox 1620 3889 1698 3966; x_wconf 85' lang='lat' dir='ltr'><strong>legi-</strong></span> 
     </span>
     <span class='ocr_line' id='line_1_35' title="bbox 362 3989 1697 4070; baseline -0.001 -21"><span class='ocrx_word' id='word_1_327' title='bbox 362 3992 435 4050; x_wconf 87' lang='lat' dir='ltr'><strong>timo</strong></span> <span class='ocrx_word' id='word_1_328' title='bbox 450 4009 546 4066; x_wconf 87' lang='lat' dir='ltr'><strong>eoque</strong></span> <span class='ocrx_word' id='word_1_329' title='bbox 561 4009 649 4069; x_wconf 88' lang='lat' dir='ltr'><strong>quem</strong></span> <span class='ocrx_word' id='word_1_330' title='bbox 664 3992 745 4050; x_wconf 93' lang='lat' dir='ltr'><strong>tituli</strong></span> <span class='ocrx_word' id='word_1_331' title='bbox 759 3993 859 4052; x_wconf 89' lang='lat' dir='ltr'><strong>idonci</strong></span> <span class='ocrx_word' id='word_1_332' title='bbox 875 4001 1103 4070; x_wconf 88' lang='lat' dir='ltr'><strong>repraesentant</strong></span> <span class='ocrx_word' id='word_1_333' title='bbox 1117 3994 1270 4064; x_wconf 81' lang='lat' dir='ltr'><strong>abhorret3</strong></span> <span class='ocrx_word' id='word_1_334' title='bbox 1292 3993 1318 4053; x_wconf 91' lang='lat' dir='ltr'><strong>is</strong></span> <span class='ocrx_word' id='word_1_335' title='bbox 1333 3994 1412 4052; x_wconf 89' lang='lat' dir='ltr'><strong>enim</strong></span> <span class='ocrx_word' id='word_1_336' title='bbox 1434 3993 1466 4052; x_wconf 92' lang='lat' dir='ltr'><strong>in</strong></span> <span class='ocrx_word' id='word_1_337' title='bbox 1481 3989 1629 4051; x_wconf 89' lang='lat' dir='ltr'><strong>eiusmodi</strong></span> <span class='ocrx_word' id='word_1_338' title='bbox 1651 3991 1697 4048; x_wconf 93' lang='lat' dir='ltr'><strong>lo-</strong></span> 
     </span>
     <span class='ocr_line' id='line_1_36' title="bbox 362 4092 1697 4171; baseline -0.001 -19"><span class='ocrx_word' id='word_1_339' title='bbox 362 4092 531 4152; x_wconf 84' lang='lat' dir='ltr'><strong>sationibus</strong></span> <span class='ocrx_word' id='word_1_340' title='bbox 554 4112 575 4151; x_wconf 86' lang='lat' dir='ltr'><strong>a</strong></span> <span class='ocrx_word' id='word_1_341' title='bbox 594 4094 817 4169; x_wconf 89' lang='lat' dir='ltr'><strong>praepositione</strong></span> <span class='ocrx_word' id='word_1_342' title='bbox 839 4095 969 4154; x_wconf 88' lang='lat' dir='ltr'><strong>abstinet</strong></span> <span class='ocrx_word' id='word_1_343' title='bbox 991 4094 1126 4171; x_wconf 89' lang='lat' dir='ltr'><strong>soletque</strong></span> <span class='ocrx_word' id='word_1_344' title='bbox 1148 4095 1187 4153; x_wconf 94' lang='lat' dir='ltr'><strong>ad</strong></span> <span class='ocrx_word' id='word_1_345' title='bbox 1208 4094 1404 4171; x_wconf 87' lang='lat' dir='ltr'><strong>legionarium</strong></span> <span class='ocrx_word' id='word_1_346' title='bbox 1424 4094 1457 4152; x_wconf 92' lang='lat' dir='ltr'><strong>in</strong></span> <span class='ocrx_word' id='word_1_347' title='bbox 1476 4093 1697 4168; x_wconf 81' lang='lat' dir='ltr'><strong>antiquioribus</strong></span> 
     </span>
    </p>
   </div>
   <div class='ocr_carea' id='block_1_3' title="bbox 361 4194 1780 4680">
    <p class='ocr_par' dir='ltr' id='par_1_6' title="bbox 361 4194 1780 4680">
     <span class='ocr_line' id='line_1_37' title="bbox 361 4194 1780 4273; baseline 0.001 -19"><span class='ocrx_word' id='word_1_348' title='bbox 361 4195 460 4254; x_wconf 88' lang='lat' dir='ltr'><strong>titulis</strong></span> <span class='ocrx_word' id='word_1_349' title='bbox 482 4194 612 4254; x_wconf 85' lang='lat' dir='ltr'><strong>adscribi</strong></span> <span class='ocrx_word' id='word_1_350' title='bbox 634 4197 742 4272; x_wconf 77' lang='lat' dir='ltr'><strong>topicae</strong></span> <span class='ocrx_word' id='word_1_351' title='bbox 756 4196 820 4267; x_wconf 83' lang='lat' dir='ltr'><strong>illo,</strong></span> <span class='ocrx_word' id='word_1_352' title='bbox 843 4204 940 4255; x_wconf 90' lang='lat' dir='ltr'><strong>aetate</strong></span> <span class='ocrx_word' id='word_1_353' title='bbox 958 4197 1151 4273; x_wconf 89' lang='lat' dir='ltr'><strong>imperatoria</strong></span> <span class='ocrx_word' id='word_1_354' title='bbox 1164 4196 1242 4255; x_wconf 87' lang='lat' dir='ltr'><strong>miles</strong></span> <span class='ocrx_word' id='word_1_355' title='bbox 1260 4196 1377 4273; x_wconf 65' lang='lat' dir='ltr'><strong>legionis</strong></span> <span class='ocrx_word' id='word_1_356' title='bbox 1392 4196 1482 4267; x_wconf 82' lang='lat' dir='ltr'><strong>illius,</strong></span> <span class='ocrx_word' id='word_1_357' title='bbox 1505 4210 1697 4271; x_wconf 85' lang='lat' dir='ltr'><strong>nequaquam</strong></span> <span class='ocrx_word' id='word_1_358' title='bbox 1779 4247 1780 4256; x_wconf 70' lang='grc'>,</span> 
     </span>
     <span class='ocr_line' id='line_1_38' title="bbox 362 4296 1780 4373; baseline 0.002 -18"><span class='ocrx_word' id='word_1_359' title='bbox 362 4296 535 4356; x_wconf 75' lang='lat' dir='ltr'><strong>seremiles</strong></span> <span class='ocrx_word' id='word_1_360' title='bbox 558 4315 590 4355; x_wconf 81' lang='lat' dir='ltr'><strong>sa</strong></span> <span class='ocrx_word' id='word_1_361' title='bbox 613 4298 721 4373; x_wconf 76' lang='lat' dir='ltr'><strong>leqionc</strong></span> <span class='ocrx_word' id='word_1_362' title='bbox 741 4297 805 4355; x_wconf 85' lang='lat' dir='ltr'><strong>iliu.</strong></span> <span class='ocrx_word' id='word_1_363' title='bbox 840 4297 1058 4373; x_wconf 82' lang='lat' dir='ltr'><strong>Exceptionem</strong></span> <span class='ocrx_word' id='word_1_364' title='bbox 1079 4298 1194 4358; x_wconf 83' lang='lat' dir='ltr'><strong>faciunt</strong></span> <span class='ocrx_word' id='word_1_365' title='bbox 1215 4299 1295 4357; x_wconf 90' lang='lat' dir='ltr'><strong>tituli</strong></span> <span class='ocrx_word' id='word_1_366' title='bbox 1316 4298 1540 4357; x_wconf 88' lang='lat' dir='ltr'><strong>classiariorum</strong></span> <span class='ocrx_word' id='word_1_367' title='bbox 1563 4306 1593 4354; x_wconf 90' lang='lat' dir='ltr'><strong>et</strong></span> <span class='ocrx_word' id='word_1_368' title='bbox 1614 4296 1698 4372; x_wconf 91' lang='lat' dir='ltr'><strong>equi·</strong></span> <span class='ocrx_word' id='word_1_369' title='bbox 1779 4311 1780 4358; x_wconf 67' lang='lat'>1</span> 
     </span>
     <span class='ocr_line' id='line_1_39' title="bbox 363 4391 1780 4476; baseline -0.001 -20"><span class='ocrx_word' id='word_1_370' title='bbox 363 4408 425 4457; x_wconf 90' lang='lat' dir='ltr'><strong>tum</strong></span> <span class='ocrx_word' id='word_1_371' title='bbox 448 4398 654 4475; x_wconf 89' lang='lat' dir='ltr'><strong>singularium.</strong></span> <span class='ocrx_word' id='word_1_372' title='bbox 698 4399 733 4457; x_wconf 89' lang='lat' dir='ltr'><strong>ln</strong></span> <span class='ocrx_word' id='word_1_373' title='bbox 754 4399 817 4458; x_wconf 89' lang='lat' dir='ltr'><strong>illis</strong></span> <span class='ocrx_word' id='word_1_374' title='bbox 840 4397 926 4458; x_wconf 90' lang='lat' dir='ltr'><strong>miles</strong></span> <span class='ocrx_word' id='word_1_375' title='bbox 950 4399 1053 4459; x_wconf 82' lang='lat' dir='ltr'><strong>classis</strong></span> <span class='ocrx_word' id='word_1_376' title='bbox 1075 4400 1194 4476; x_wconf 90' lang='lat' dir='ltr'><strong>quidem</strong></span> <span class='ocrx_word' id='word_1_377' title='bbox 1216 4401 1325 4460; x_wconf 89' lang='lat' dir='ltr'><strong>dicitur</strong></span> <span class='ocrx_word' id='word_1_378' title='bbox 1346 4417 1424 4473; x_wconf 89' lang='lat' dir='ltr'><strong>esse,</strong></span> <span class='ocrx_word' id='word_1_379' title='bbox 1449 4415 1519 4458; x_wconf 83' lang='lat' dir='ltr'><strong>raro</strong></span> <span class='ocrx_word' id='word_1_380' title='bbox 1540 4413 1574 4457; x_wconf 79' lang='lat' dir='ltr'><strong>es</strong></span> <span class='ocrx_word' id='word_1_381' title='bbox 1594 4398 1697 4467; x_wconf 85' lang='lat' dir='ltr'><strong>classe,</strong></span> <span class='ocrx_word' id='word_1_382' title='bbox 1779 4391 1780 4444; x_wconf 73' lang='lat' dir='ltr'><strong>l</strong></span> 
     </span>
     <span class='ocr_line' id='line_1_40' title="bbox 363 4497 1780 4578; baseline -0.001 -19"><span class='ocrx_word' id='word_1_383' title='bbox 363 4501 417 4559; x_wconf 88' lang='lat' dir='ltr'><strong>sed</strong></span> <span class='ocrx_word' id='word_1_384' title='bbox 438 4518 471 4560; x_wconf 82' lang='lat' dir='ltr'><strong>es</strong></span> <span class='ocrx_word' id='word_1_385' title='bbox 491 4504 560 4559; x_wconf 84' lang='lat' dir='ltr'><strong>nuci</strong></span> <span class='ocrx_word' id='word_1_386' title='bbox 581 4518 654 4560; x_wconf 92' lang='lat' dir='ltr'><strong>usus</strong></span> <span class='ocrx_word' id='word_1_387' title='bbox 675 4501 813 4575; x_wconf 89' lang='lat' dir='ltr'><strong>requirit,</strong></span> <span class='ocrx_word' id='word_1_388' title='bbox 836 4519 895 4559; x_wconf 90' lang='lat' dir='ltr'><strong>nou</strong></span> <span class='ocrx_word' id='word_1_389' title='bbox 916 4505 998 4560; x_wconf 82' lang='lat' dir='ltr'><strong>nouis</strong></span> <span class='ocrx_word' id='word_1_390' title='bbox 1024 4500 1077 4577; x_wconf 87' lang='lat' dir='ltr'><strong>(C.</strong></span> <span class='ocrx_word' id='word_1_391' title='bbox 1093 4501 1124 4558; x_wconf 86' lang='lat' dir='ltr'>X</span> <span class='ocrx_word' id='word_1_392' title='bbox 1147 4519 1175 4578; x_wconf 95' lang='lat' dir='ltr'><strong>p.</strong></span> <span class='ocrx_word' id='word_1_393' title='bbox 1195 4501 1303 4578; x_wconf 87' lang='lat'>1131);</span> <span class='ocrx_word' id='word_1_394' title='bbox 1330 4501 1362 4560; x_wconf 92' lang='lat' dir='ltr'><strong>in</strong></span> <span class='ocrx_word' id='word_1_395' title='bbox 1383 4502 1431 4560; x_wconf 89' lang='lat' dir='ltr'><strong>his</strong></span> <span class='ocrx_word' id='word_1_396' title='bbox 1453 4500 1600 4559; x_wconf 77' lang='lat' dir='ltr'><strong>formulae</strong></span> <span class='ocrx_word' id='word_1_397' title='bbox 1622 4517 1701 4577; x_wconf 85' lang='lat' dir='ltr'><strong>quae</strong></span> <span class='ocrx_word' id='word_1_398' title='bbox 1779 4497 1780 4570; x_wconf 75' lang='lat' dir='ltr'><strong>l</strong></span> 
     </span>
     <span class='ocr_line' id='line_1_41' title="bbox 365 4585 1780 4680; baseline -0.001 -19"><span class='ocrx_word' id='word_1_399' title='bbox 365 4611 436 4661; x_wconf 87' lang='lat' dir='ltr'><strong>sunt</strong></span> <span class='ocrx_word' id='word_1_400' title='bbox 462 4621 495 4659; x_wconf 80' lang='lat' dir='ltr'><strong>ex</strong></span> <span class='ocrx_word' id='word_1_401' title='bbox 520 4621 634 4660; x_wconf 71' lang='lat' dir='ltr'><strong>nummo</strong></span> <span class='ocrx_word' id='word_1_402' title='bbox 661 4605 783 4678; x_wconf 83' lang='lat' dir='ltr'><strong>equitum</strong></span> <span class='ocrx_word' id='word_1_403' title='bbox 815 4602 1019 4680; x_wconf 71' lang='lat' dir='ltr'><strong>singularium,</strong></span> <span class='ocrx_word' id='word_1_404' title='bbox 1053 4621 1086 4661; x_wconf 84' lang='lat' dir='ltr'><strong>ec</strong></span> <span class='ocrx_word' id='word_1_405' title='bbox 1117 4619 1232 4662; x_wconf 81' lang='lat' dir='ltr'><strong>numero</strong></span> <span class='ocrx_word' id='word_1_406' title='bbox 1261 4603 1465 4680; x_wconf 74' lang='lat' dir='ltr'><strong>stapulurium,</strong></span> <span class='ocrx_word' id='word_1_407' title='bbox 1499 4621 1535 4662; x_wconf 78' lang='lat' dir='ltr'><strong>ec·</strong></span> <span class='ocrx_word' id='word_1_408' title='bbox 1558 4601 1701 4678; x_wconf 82' lang='lat' dir='ltr'><strong>equitibus</strong></span> <span class='ocrx_word' id='word_1_409' title='bbox 1779 4585 1780 4666; x_wconf 84' lang='lat' dir='ltr'><strong>l</strong></span> 
     </span>
    </p>
   </div>
   <div class='ocr_carea' id='block_1_4' title="bbox 364 4701 1701 4781">
    <p class='ocr_par' dir='ltr' id='par_1_7' title="bbox 364 4669 1780 4781">
     <span class='ocr_line' id='line_1_42' title="bbox 364 4701 1701 4781; baseline -0.002 -20"><span class='ocrx_word' id='word_1_410' title='bbox 364 4701 574 4778; x_wconf 72' lang='lat' dir='ltr'><strong>singularibus,</strong></span> <span class='ocrx_word' id='word_1_411' title='bbox 601 4704 849 4780; x_wconf 75' lang='lat' dir='ltr'><strong>casiaqularibus</strong></span> <span class='ocrx_word' id='word_1_412' title='bbox 871 4713 905 4763; x_wconf 89' lang='lat' dir='ltr'><strong>ut</strong></span> <span class='ocrx_word' id='word_1_413' title='bbox 926 4705 1075 4763; x_wconf 80' lang='lat' dir='ltr'><strong>veteranis</strong></span> <span class='ocrx_word' id='word_1_414' title='bbox 1102 4702 1225 4781; x_wconf 71' lang='lat' dir='ltr'><strong>(QVI,</strong></span> <span class='ocrx_word' id='word_1_415' title='bbox 1258 4705 1349 4764; x_wconf 87' lang='grc'>3178.</span> <span class='ocrx_word' id='word_1_416' title='bbox 1372 4703 1464 4764; x_wconf 80' lang='grc'>3916.</span> <span class='ocrx_word' id='word_1_417' title='bbox 1488 4702 1580 4764; x_wconf 77' lang='lat'><strong>3231.</strong></span> <span class='ocrx_word' id='word_1_418' title='bbox 1604 4701 1701 4778; x_wconf 75' lang='lat'>3242)</span> 
     </span>
    </p>
   </div>
   <div class='ocr_carea' id='block_1_5' title="bbox 363 4803 1702 4882">
    <p class='ocr_par' dir='ltr' id='par_1_8' title="bbox 363 4803 1780 4882">
     <span class='ocr_line' id='line_1_43' title="bbox 363 4803 1702 4882; baseline -0.001 -20"><span class='ocrx_word' id='word_1_419' title='bbox 363 4805 406 4863; x_wconf 89' lang='lat' dir='ltr'><strong>ita</strong></span> <span class='ocrx_word' id='word_1_420' title='bbox 431 4805 628 4865; x_wconf 86' lang='lat' dir='ltr'><strong>militantibus</strong></span> <span class='ocrx_word' id='word_1_421' title='bbox 657 4805 746 4865; x_wconf 86' lang='lat' dir='ltr'><strong>etiarn</strong></span> <span class='ocrx_word' id='word_1_422' title='bbox 774 4815 835 4864; x_wconf 89' lang='lat' dir='ltr'><strong>tum</strong></span> <span class='ocrx_word' id='word_1_423' title='bbox 870 4803 921 4882; x_wconf 85' lang='lat' dir='ltr'><strong>(G.</strong></span> <span class='ocrx_word' id='word_1_424' title='bbox 938 4805 996 4878; x_wconf 91' lang='lat' dir='ltr'><strong>VI,</strong></span> <span class='ocrx_word' id='word_1_425' title='bbox 1021 4803 1109 4864; x_wconf 79' lang='grc'>3959.</span> <span class='ocrx_word' id='word_1_426' title='bbox 1135 4804 1225 4865; x_wconf 79' lang='lat'><strong>3294.</strong></span> <span class='ocrx_word' id='word_1_427' title='bbox 1250 4805 1345 4882; x_wconf 82' lang='grc'>3305)</span> <span class='ocrx_word' id='word_1_428' title='bbox 1378 4807 1589 4866; x_wconf 88' lang='lat' dir='ltr'><strong>adscribuntur</strong></span> <span class='ocrx_word' id='word_1_429' title='bbox 1616 4805 1702 4864; x_wconf 89' lang='lat' dir='ltr'><strong>nullo</strong></span> 
     </span>
    </p>
   </div>
   <div class='ocr_carea' id='block_1_6' title="bbox 363 4905 1702 5189">
    <p class='ocr_par' dir='ltr' id='par_1_9' title="bbox 363 4905 1702 5189">
     <span class='ocr_line' id='line_1_44' title="bbox 363 4905 1702 4984; baseline 0 -20"><span class='ocrx_word' id='word_1_430' title='bbox 363 4905 537 4966; x_wconf 90' lang='lat' dir='ltr'><strong>discrimine</strong></span> <span class='ocrx_word' id='word_1_431' title='bbox 568 4907 663 4981; x_wconf 85' lang='lat' dir='ltr'><strong>facto,</strong></span> <span class='ocrx_word' id='word_1_432' title='bbox 697 4925 912 4984; x_wconf 89' lang='lat' dir='ltr'><strong>saepenumero</strong></span> <span class='ocrx_word' id='word_1_433' title='bbox 945 4919 1101 4984; x_wconf 88' lang='lat' dir='ltr'><strong>praeterea</strong></span> <span class='ocrx_word' id='word_1_434' title='bbox 1132 4907 1262 4966; x_wconf 89' lang='lat' dir='ltr'><strong>adicitur</strong></span> <span class='ocrx_word' id='word_1_435' title='bbox 1289 4926 1326 4966; x_wconf 76' lang='lat' dir='ltr'><strong>ea</strong></span> <span class='ocrx_word' id='word_1_436' title='bbox 1351 4919 1453 4968; x_wconf 75' lang='lat' dir='ltr'><strong>turma</strong></span> <span class='ocrx_word' id='word_1_437' title='bbox 1496 4907 1580 4966; x_wconf 87' lang='lat' dir='ltr'><strong>Idem</strong></span> <span class='ocrx_word' id='word_1_438' title='bbox 1613 4925 1702 4983; x_wconf 87' lang='lat' dir='ltr'><strong>prae-</strong></span> 
     </span>
     <span class='ocr_line' id='line_1_45' title="bbox 364 5007 1701 5086; baseline 0.001 -21"><span class='ocrx_word' id='word_1_439' title='bbox 364 5007 524 5084; x_wconf 87' lang='lat' dir='ltr'><strong>positionis</strong></span> <span class='ocrx_word' id='word_1_440' title='bbox 545 5027 619 5068; x_wconf 90' lang='lat' dir='ltr'><strong>usus</strong></span> <span class='ocrx_word' id='word_1_441' title='bbox 640 5009 771 5068; x_wconf 83' lang='lat' dir='ltr'><strong>fortasse</strong></span> <span class='ocrx_word' id='word_1_442' title='bbox 794 5009 830 5067; x_wconf 87' lang='lat' dir='ltr'><strong>ad</strong></span> <span class='ocrx_word' id='word_1_443' title='bbox 848 5009 978 5086; x_wconf 87' lang='lat' dir='ltr'><strong>collegia</strong></span> <span class='ocrx_word' id='word_1_444' title='bbox 998 5027 1118 5086; x_wconf 91' lang='lat' dir='ltr'><strong>quoque</strong></span> <span class='ocrx_word' id='word_1_445' title='bbox 1141 5008 1242 5086; x_wconf 90' lang='lat' dir='ltr'><strong>aliquo</strong></span> <span class='ocrx_word' id='word_1_446' title='bbox 1265 5009 1353 5068; x_wconf 90' lang='lat' dir='ltr'><strong>modo</strong></span> <span class='ocrx_word' id='word_1_447' title='bbox 1376 5010 1521 5086; x_wconf 87' lang='lat' dir='ltr'><strong>pervenit,</strong></span> <span class='ocrx_word' id='word_1_448' title='bbox 1546 5015 1581 5067; x_wconf 89' lang='lat' dir='ltr'><strong>ut</strong></span> <span class='ocrx_word' id='word_1_449' title='bbox 1601 5027 1637 5066; x_wconf 76' lang='lat' dir='ltr'><strong>er</strong></span> <span class='ocrx_word' id='word_1_450' title='bbox 1658 5021 1701 5066; x_wconf 85' lang='lat' dir='ltr'><strong>tu·</strong></span> 
     </span>
     <span class='ocr_line' id='line_1_46' title="bbox 365 5107 1702 5189; baseline 0.001 -23"><span class='ocrx_word' id='word_1_451' title='bbox 365 5109 474 5167; x_wconf 84' lang='lat' dir='ltr'><strong>bularr&#39;s</strong></span> <span class='ocrx_word' id='word_1_452' title='bbox 496 5107 530 5170; x_wconf 85' lang='grc' dir='ltr'><strong>Ο.</strong></span> <span class='ocrx_word' id='word_1_453' title='bbox 548 5110 601 5182; x_wconf 89' lang='lat' dir='ltr'><strong>VI,</strong></span> <span class='ocrx_word' id='word_1_454' title='bbox 624 5109 931 5182; x_wconf 68' lang='lat' dir='ltr'><strong>uertebrarum,</strong></span> <span class='ocrx_word' id='word_1_455' title='bbox 954 5129 987 5169; x_wconf 82' lang='lat' dir='ltr'><strong>ss</strong></span> <span class='ocrx_word' id='word_1_456' title='bbox 1008 5111 1155 5170; x_wconf 81' lang='lat' dir='ltr'><strong>tabellaria</strong></span> <span class='ocrx_word' id='word_1_457' title='bbox 1177 5111 1208 5172; x_wconf 88' lang='lat' dir='ltr'><strong>in</strong></span> <span class='ocrx_word' id='word_1_458' title='bbox 1231 5111 1317 5170; x_wconf 88' lang='lat' dir='ltr'><strong>titulo</strong></span> <span class='ocrx_word' id='word_1_459' title='bbox 1340 5108 1585 5189; x_wconf 80' lang='lat' dir='ltr'><strong>Carthaginiensi</strong></span> <span class='ocrx_word' id='word_1_460' title='bbox 1609 5127 1702 5186; x_wconf 84' lang='lat' dir='ltr'><strong>supra</strong></span> 
     </span>
    </p>
   </div>
   <div class='ocr_carea' id='block_1_7' title="bbox 0 0 1807 5942">
    <p class='ocr_par' dir='ltr' id='par_1_10' title="bbox 0 0 1807 5942">
     <span class='ocr_line' id='line_1_47' title="bbox 0 0 1807 5942; baseline 0 0"><span class='ocrx_word' id='word_1_461' title='bbox 0 0 1807 5942; x_wconf 95' lang='lat' dir='ltr'><strong> </strong></span> 
     </span>
    </p>
   </div>
  </div>
 </body>
</html>
