3574 5942
434 453 1043 512 ossunvnmouusustesneumne.
1335 427 1405 508 129

73 651 98 708 p.
117 632 185 706 113,
208 632 349 690 videntur
370 649 437 691 esse
459 652 518 690 aon
541 632 594 707 qui
613 651 649 690 eo
668 632 734 688 loco
757 631 885 702 fuerunt,
908 629 961 688 sed
981 631 1033 706 qui
1056 648 1158 688 eorum
1181 647 1303 688 numero
1326 649 1408 688 com·

74 733 302 810 prehenduntur.
320 767 358 778 -
381 735 424 792 At
445 734 703 793 castrensisusas
727 732 960 810 praepositionis
983 730 1122 790 diversus
1145 741 1201 805 est,
1224 732 1406 808 significans,

74 848 104 892 ut
123 836 198 908 dixi,
222 855 257 894 eo
272 835 362 894 modo
377 836 508 894 cilicium
530 845 713 894 transactum
731 843 760 892 et
774 834 955 909 depositum.
988 831 1179 908 Praepositio
1202 833 1245 890 ita
1268 843 1410 907 usurpata

73 956 135 994 cum
158 958 177 996 a
199 942 364 997 vetustiore
387 954 524 998 sermone
546 938 705 997 abhorreat
727 955 781 996 nec
802 935 970 1013 reperiatur
990 934 1020 992 in
1035 935 1169 993 melioris
1185 936 1291 993 aetatis
1307 953 1409 994 mouu-

75 1040 189 1110 mentis,
212 1039 375 1098 iuvaluisse
397 1039 515 1097 ridetur
537 1039 659 1098 saeculo
682 1039 813 1098 secundo
832 1055 872 1096 ex
891 1035 1220 1111 laterculismititun1)
1243 1046 1411 1115 propagata

74 1142 102 1197 in
125 1140 229 1198 titulos
250 1159 351 1200 eoram
375 1149 404 1199 et
426 1149 532 1218 quarto
555 1141 677 1199 saeculo
700 1159 766 1198 cum
789 1140 854 1198 aliis
875 1137 985 1215 plebeii
1007 1138 1154 1196 sermonis
1176 1139 1410 1214 proprietatibus

75 1241 111 1298 sd
140 1252 279 1300 auctores
305 1260 427 1318 quoque
455 1244 613 1301 transiisse
639 1242 732 1314 tales,
765 1241 869 1316 quales
903 1247 972 1300 sunt
1004 1239 1215 1315 imperatorum
1249 1241 1300 1315 qui
1333 1242 1411 1298 vitas

75 1344 261 1420 scripserunt
281 1353 311 1402 et
333 1346 521 1402 Ammianus.
570 1342 703 1402 Omnino
727 1361 803 1420 quae
830 1353 899 1401 sunt
925 1361 959 1400 eu
984 1345 1157 1412 centurione,
1185 1360 1218 1398 ea
1243 1343 1356 1400 consule
1382 1351 1412 1400 et

76 1449 118 1502 sic
142 1464 234 1520 porro
257 1446 327 1504 licet
348 1448 575 1523 grammaticum
599 1444 766 1516 offendant,
793 1445 940 1503 brevitate
965 1451 995 1500 et
1022 1444 1235 1520 perspicuitate
1262 1463 1412 1503 commen-

77 1547 198 1616 dantur;
233 1567 301 1605 nam
327 1566 405 1622 quae
431 1548 557 1622 requirit
583 1564 658 1623 pura
685 1546 787 1621 lingua
812 1544 961 1604 adieetiva
985 1563 1095 1621 magna
1120 1565 1159 1603 ex
1184 1551 1269 1621 parte
1296 1545 1411 1604 delicie-

79 1647 162 1716 bant,
183 1657 219 1704 ut
233 1649 261 1704 ia
277 1651 460 1720 centurione,
483 1658 535 1706 aut
556 1654 680 1725 propter
695 1646 944 1724 significationem
961 1645 1111 1705 diversam
1127 1665 1184 1705 usu
1203 1657 1352 1723 receptam
1369 1649 1413 1707 sic

79 1749 208 1824 amplius
230 1750 362 1809 adhiberi
383 1769 443 1807 noa
465 1757 613 1825 poterant,
637 1759 669 1807 ut
689 1749 719 1807 in
743 1749 874 1807 consule.
908 1746 969 1809 Sed
992 1758 1025 1806 ut
1045 1748 1127 1808 illam
1150 1749 1305 1808 utilitatem
1327 1768 1413 1826 prse-

79 1853 193 1924 bereat,
217 1851 386 1910 adhibenda
400 1858 485 1911 erant
499 1870 564 1910 cum
581 1851 736 1929 singulari,
760 1862 790 1909 et
805 1869 873 1909 vere
895 1869 949 1927 per
971 1850 1094 1926 aliquod
1116 1859 1232 1927 tempus
1254 1853 1280 1910 is
1297 1853 1414 1910 videtur

80 1955 108 2010 iu
133 1971 172 2011 ea
193 1972 224 2010 re
239 1953 423 2012 sollemniter
438 1953 605 2012 obtinuisse
627 1961 655 2011 et
676 1952 845 2030 praefectus
860 1953 911 2027 qui
930 1952 988 2009 fuit
1001 1952 1169 2029 appellatus
1184 1970 1252 2012 esse
1275 1973 1308 2011 eu
1326 1973 1414 2030 proe-

76 2057 164 2128 secto,
185 2054 296 2112 esitato
319 2054 427 2130 plurali
445 2055 670 2131 plurativaeque
685 2053 914 2131 significationis
931 2054 1098 2125 vocabulis3
1121 2072 1155 2112 ee
1172 2056 1318 2130 praesecto
1334 2059 1413 2115 enim

82 2167 111 2212 ut
142 2156 298 2214 barbarum
329 2157 476 2226 fortasse,
508 2157 551 2214 ita
579 2156 805 2232 significationis
839 2164 936 2214 certae
969 2164 1030 2227 est,
1064 2175 1097 2213 es
1125 2159 1281 2232 praefectis
1314 2169 1414 2218 autem

81 2265 237 2332 praeterea
258 2258 445 2333 ambiguum,
473 2266 591 2335 poterat
618 2259 695 2316 enim
722 2259 766 2316 ita
791 2274 910 2332 quoque
937 2257 1119 2332 praepositio
1146 2259 1252 2333 accipi,
1279 2268 1313 2317 ιιι
1338 2259 1414 2318 acci-

83 2359 165 2434 pitur
183 2359 212 2416 in
234 2377 289 2416 uae
311 2379 345 2416 ea
366 2363 474 2418 amicis.
511 2358 714 2418 Nihilominus
736 2357 861 2436 pluralis
883 2375 1001 2434 quoque
1023 2359 1066 2416 ita
1085 2369 1255 2434 usurpatur,
1278 2370 1310 2419 ut
1326 2362 1417 2420 rerba

85 2460 240 2536 biographi
263 2457 410 2518 Gordiani
433 2480 458 2518 c.
476 2460 528 2519 tt:
551 2481 570 2519 α
592 2459 749 2519 Gallicano
771 2479 805 2518 eur
826 2459 988 2517 consulibus
1010 2470 1035 2516 et
1056 2460 1224 2518 Maecenate
1245 2480 1277 2520 ec
1298 2463 1415 2521 duobus

86 2563 244 2636 iamemptr'
269 2573 335 2620 aaut
360 2562 544 2637 respondeat
571 2560 696 2621 Graecis
724 2560 890 2620 Herodiani
913 2560 942 2631 7,
964 2562 1011 2632 11,
1033 2562 1064 2619 3:
1098 2555 1168 2643 ἀνὴρ
1194 2557 1251 2619 ἀπὸ
1278 2559 1418 2624 ὑπατείας

87 2651 184 2718 ramni
203 2656 380 2723 Γαλλικανός
402 2653 488 2728 ὄνομα
604 2653 651 2720 noel
673 2651 763 2744 ἕτερος
785 2655 972 2743 superaspersis
994 2656 1026 2719 ra*
1053 2654 1169 2742 α’ξῖωμα
1190 2656 1338 2734 Μαικήνας
1363 2688 1417 2723 κα-

87 2753 229 2830 λούμενος,
249 2765 453 2840 repetiturque
476 2765 505 2823 in
529 2765 624 2823 titulis
647 2764 758 2823 saeculi
781 2764 879 2840 quarti
902 2764 1030 2840 optimae
1055 2773 1142 2823 notae
1172 2764 1245 2841 u(r'r)
1273 2766 1417 2842 c(lurisst'·

86 2863 164 2938 mue)
185 2883 218 2922 ee
233 2869 389 2941 praesectis
411 2867 477 2924 urbi
498 2864 546 2940 (0.
564 2867 617 2938 Vl,
643 2865 736 2938 17123
760 2865 837 2940 Eph.
853 2863 900 2923 IV
922 2884 949 2922 n.
968 2864 1055 2942 800);
1082 2867 1121 2924 ad
1142 2867 1222 2943 quod
1245 2869 1415 2945 exemplum

88 2966 280 3042 explicandus
302 2968 360 3026 erit
380 2987 439 3024 nou
461 2968 560 3026 solum
581 2978 729 3027 ueteranus
751 2986 784 3024 ec
806 2967 927 3042 topicae,
948 2966 979 3025 id
1001 2967 1080 3043 quod
1106 2987 1166 3026 non
1192 2969 1285 3028 semel
1309 2970 1419 3047 legitur

90 3065 137 3138 (C.
156 3065 232 3124 v111
252 3089 279 3146 p.
299 3069 375 3129 1081
395 3070 476 3144 cet),
499 3069 551 3128 sed
573 3070 662 3128 etiam
683 3080 832 3128 ueteranus
854 3087 888 3126 ec
909 3069 1116 3128 centurionibus
1139 3067 1189 3146 (Ο.
1204 3070 1247 3141 Χ,
1270 3071 1366 3147 3370)
1389 3081 1419 3130 et

90 3187 123 3224 rr
148 3171 308 3229 ertermettr
337 3169 391 3245 (Ο.
410 3170 473 3243 Xl,
498 3171 550 3242 86;
584 3171 622 3229 cf.
652 3171 718 3229 adn.
747 3170 783 3228 ad
807 3171 853 3242 X,
881 3168 989 3246 3348).
1045 3171 1122 3228 Eum
1148 3189 1234 3229 usum
1263 3169 1418 3246 Seeckius,

91 3287 177 3344 quem
202 3272 237 3328 de
268 3272 315 3330 his
344 3271 435 3331 rebus
461 3290 528 3329 cum
561 3273 660 3330 fructu
687 3270 839 3345 consului,
871 3272 937 3330 iuro
969 3290 1004 3328 eo
1037 3281 1170 3343 revocat,
1204 3272 1284 3347 quod
1310 3271 1420 3332 Graeci

92 3388 147 3444 pro
179 3393 210 3430 er
242 3376 356 3432 cmmule
388 3373 486 3432 dicere
519 3373 617 3433 soleat
647 3367 706 3429 eled
739 3364 864 3432 ὑπάτων.
914 3371 1082 3432 Secundum
1115 3374 1189 3432 haec
1220 3393 1287 3432 cum
1314 3374 1351 3432 de
1383 3394 1419 3432 eo

91 3473 169 3546 quod
194 3484 239 3533 est
265 3495 298 3532 aa
320 3485 479 3552 protectore
504 3475 546 3550 (n.
567 3476 617 3548 19,
646 3474 734 3533 modo
763 3475 852 3533 lectio
875 3494 947 3533 vera
973 3476 1025 3550 sit)
1053 3487 1082 3533 et
1108 3475 1240 3534 bemanus
1268 3475 1326 3551 [aa]
1348 3495 1421 3552 pro·

93 3585 191 3633 tectore
212 3576 253 3651 (u.
270 3576 324 3652 20)
347 3577 456 3653 ambigi
473 3585 615 3654 nequeat,
649 3577 738 3635 etiam
762 3595 794 3634 ee
812 3577 1021 3653 protectoribus
1043 3577 1093 3652 qui
1109 3576 1246 3635 dicuutur
1266 3576 1308 3652 (n.
1326 3578 1353 3637 8.
1371 3579 1420 3638 36.

96 3676 148 3731 40.
168 3677 224 3753 ts)
255 3679 394 3738 ridentur
426 3697 494 3738 esse
526 3679 627 3737 officio
659 3678 761 3737 functi.
827 3677 893 3737 Nec
925 3687 1004 3736 recte
1037 3685 1204 3755 opponetur
1236 3697 1264 3736 n.
1289 3677 1307 3735 8
1339 3669 1421 3739 cluce-

96 3780 192 3836 norias
212 3799 244 3838 ea
265 3781 474 3858 protectoribus
496 3781 594 3840 luteris
617 3780 757 3856 diuini²);
781 3799 847 3839 nam
871 3780 1049 3857 protectoris
1072 3779 1201 3838 officium
1223 3789 1342 3839 estnon
1357 3800 1422 3858 per·

95 3889 226 3953 petuam,
251 3883 366 3940 ducens
387 3882 527 3961 dignitas.
544 3889 689 3960 perpetua
710 3885 821 3958 pariter
843 3893 932 3960 atque
954 3881 1219 3957 perfectissimatus
1241 3891 1271 3941 et
1292 3883 1422 3960 egregia-

94 3979 193 4054 tus³).
231 3981 370 4060 Denique
396 3993 564 4044 castrenses
590 3984 633 4042 illi
664 3983 799 4043 homines
826 4003 892 4042 cum
920 3984 1053 4042 scribunt
1079 3984 1168 4042 modo
1195 4002 1229 4042 ec
1251 3993 1422 4060 protectore,

96 4080 186 4140 modo
204 4103 235 4142 ex
258 4086 481 4160 protectoribus,
509 4086 597 4144 modo
624 4106 677 4163 per
698 4085 906 4162 compendium
929 4085 966 4143 ad
989 4092 1146 4162 utramque
1171 4084 1330 4144 formulam
1356 4087 1422 4162 pari

93 4183 164 4240 iure
181 4186 394 4263 explicandum,
417 4189 666 4263 conquaesitam
690 4187 891 4246 diversitatem
914 4188 1068 4246 enuntiare
1090 4188 1257 4260 voluerunt,
1280 4187 1331 4245 sed
1354 4205 1423 4246 eau-

94 4283 168 4340 dem
187 4305 240 4346 rem
261 4289 365 4366 paullo
386 4288 504 4348 diverse
526 4289 775 4366 significaverunt.

143 4383 217 4445 Hinc
235 4391 390 4449 descendit
411 4408 482 4448 usus
504 4389 735 4468 praepositionis
758 4392 794 4449 ad
815 4390 1056 4467 distinguendam
1079 4390 1214 4448 militiam
1237 4390 1426 4449 administra·

97 4499 167 4542 tam
186 4499 210 4547 et
229 4492 439 4550 codicillarem.
472 4490 593 4552 Scilicet
615 4511 681 4551 cum
700 4493 758 4551 iam
775 4490 992 4552 Constantinus
1015 4490 1066 4567 (C.
1078 4491 1135 4550 Th.
1149 4492 1178 4563 7,
1195 4490 1244 4563 tt,
1264 4492 1294 4566 l)
1317 4509 1424 4552 sanxe-

165 4651 188 4712 ¹l
207 4657 350 4710 Latercalus
370 4661 478 4710 militum
499 4661 662 4712 dimissorum
683 4662 812 4712 c.a.134
831 4661 861 4712 0.
875 4661 926 4723 111,
941 4661 1011 4712 6178
1032 4661 1120 4711 cilicia
1139 4661 1226 4710 omnia
1245 4667 1360 4711 recenset
1378 4661 1424 4711 ad·

95 4748 177 4793 ieet:
192 4753 379 4815 praepositione.

165 4833 193 4898 ¹)
207 4839 297 4892 Eadem
316 4843 417 4894 ratione
440 4853 479 4894 est
502 4845 528 4894 in
553 4845 627 4894 titulo
646 4845 750 4897 Sidenoi
775 4843 816 4907 (O.
829 4845 852 4896 1.
867 4843 912 4897 Gr.
927 4845 1010 4908 4346)
1037 4831 1195 4913 dooxsrrlpror
1219 4830 1268 4892 ιῖιιδ
1293 4831 1426 4911 intrpe'rrur

94 4921 295 4998 'struibus-

166 5017 194 5081 ι)
209 5023 382 5079 emanatione
401 5043 425 5079 a.
439 5027 491 5078 317
516 5028 557 5088 (C.
572 5027 623 5079 Th.
638 5030 662 5091 8,
676 5030 702 5090 4,
718 5029 758 5091 3)ι
779 5024 984 5098 primipilaribus
1001 5036 1059 5096 post
1081 5031 1206 5079 emeritam
1229 5028 1345 5079 militiam
1366 5044 1426 5096 per·

82 5112 273 5176 seem'ear'emtm
288 5118 328 5170 rel
347 5119 457 5170 ducenae
474 5118 516 5170 uel
533 5127 649 5171 centenae
668 5120 709 5172 uel
727 5123 870 5189 eprcpr'ctas
889 5122 951 5172 dara*
968 5121 1081 5188 diqnitos
1095 5129 1188 5188 potest.
