3574 5942
939 439 1121 494 MOMMSEN

723 811 872 870 XXXVI.
917 811 1106 872 EVOCATI
1132 812 1330 875 AVGVSTI.

403 966 451 1024 De
472 967 694 1042 protectoribus
717 967 767 1043 qui
790 968 936 1045 disputat,
963 970 1144 1046 cogitatione
1168 989 1289 1030 neeesse
1315 981 1360 1030 est
1387 982 1532 1051 perpetuo
1561 983 1695 1032 recurrat

362 1068 400 1124 ad
423 1077 578 1138 evocatos3
605 1078 787 1144 protectores
810 1072 888 1127 enim
911 1080 940 1128 et
961 1072 1076 1130 evocati
1100 1073 1154 1130 etsi
1177 1073 1261 1131 nullo
1285 1074 1373 1132 modo
1400 1093 1432 1131 re
1454 1077 1604 1133 coniuncti
1628 1085 1696 1134 sunt

362 1189 416 1228 nec
438 1172 536 1228 minus
563 1170 674 1229 diversi
701 1189 792 1247 quarn
815 1173 971 1248 Augustus
997 1174 1154 1232 dissImilis
1177 1173 1382 1247 Constantini,
1409 1176 1503 1234 nihilo
1531 1178 1631 1234 minus
1659 1196 1694 1234 eo

363 1273 481 1330 nomine
506 1280 586 1330 recte
614 1274 880 1348 comparabuntur,
908 1273 987 1349 quod
1011 1277 1128 1351 utrique
1158 1277 1247 1334 medii
1270 1285 1339 1336 sunt
1360 1277 1436 1335 inter
1463 1278 1600 1336 militiam
1628 1297 1695 1354 gre-

362 1375 459 1449 galam
493 1383 522 1431 et
550 1374 688 1432 ducatum
723 1383 752 1432 et
784 1377 826 1433 ita
857 1376 961 1447 medii,
996 1385 1028 1434 ut
1060 1385 1119 1435 tarn
1146 1379 1261 1438 evocati
1291 1397 1382 1454 quam
1415 1388 1601 1455 protectores
1635 1399 1694 1438 non

363 1485 423 1532 tam
456 1487 538 1534 certa
570 1495 693 1534 munera
725 1477 852 1534 subeant
883 1495 971 1552 quam
1005 1479 1088 1537 iussa
1121 1480 1265 1556 principis
1298 1499 1501 1556 quaecumque
1536 1490 1608 1541 sunt
1640 1501 1695 1558 pro

362 1597 394 1634 re
422 1584 616 1652 exequantur.
661 1577 709 1635 lta
736 1595 794 1634 non
822 1578 921 1654 inepte
947 1578 991 1636 illi
1020 1581 1264 1640 commentariolo
1291 1583 1518 1642 observationes
1545 1583 1695 1659 quaedam

363 1679 559 1754 adiungentur
581 1679 616 1736 de
639 1680 772 1738 evocatis
795 1681 934 1755 Augusti.
979 1679 1037 1740 Sed
1061 1701 1125 1739 cum
1153 1682 1188 1741 de
1215 1684 1433 1758 protectoribus
1459 1694 1530 1762 post
1551 1685 1697 1742 Iacobum

364 1779 583 1838 Gotholredum
611 1801 696 1838 nemo
723 1782 824 1858 paullo
847 1782 1018 1859 diligentius
1041 1783 1226 1858 disseruerit,
1256 1785 1293 1842 de
1315 1787 1446 1844 evocatis
1473 1794 1571 1844 autem
1599 1805 1698 1862 nuper

364 1884 434 1940 data
455 1901 546 1958 opera
568 1883 597 1939 in
621 1883 808 1959 ephemeride
824 1883 937 1941 Herma
960 1884 1017 1941 vol.
1036 1887 1074 1941 14
1096 1885 1207 1960 (1879)
1230 1905 1258 1961 p.
1277 1887 1333 1944 321
1353 1905 1414 1963 seq.
1433 1889 1526 1966 egerit
1543 1888 1696 1945 Iohannes

364 1983 500 2044 Schmidt
521 1991 631 2054 noster,
654 1985 731 2042 hunc
746 1986 845 2042 locum
862 1985 983 2043 dlversa
997 1987 1113 2044 ratione
1129 1989 1333 2047 tractabimus
1369 1989 1400 2047 Is
1416 1989 1492 2046 enim
1508 2009 1573 2048 cum
1597 1989 1697 2064 plera·

364 2105 422 2161 que
443 2085 536 2160 perite
559 2093 588 2143 et
609 2085 766 2162 diligenter
788 2087 967 2163 explanarit,
991 2089 1065 2146 satis
1088 2088 1204 2147 habebo
1225 2107 1384 2165 exponere,
1408 2091 1434 2148 si
1456 2091 1527 2166 quid
1549 2091 1621 2150 mihi
1645 2091 1697 2149 de·

364 2188 451 2245 ficere
467 2187 564 2245 slsum
584 2196 632 2245 est
646 2187 693 2244 vel
715 2188 799 2245 aliter
821 2205 854 2245 se
877 2188 995 2259 habere,
1018 2189 1047 2245 in
1069 2189 1219 2266 plerisque
1242 2192 1280 2249 ad
1302 2211 1368 2250 eum
1391 2193 1555 2250 remittens.
1589 2191 1698 2250 Later·

364 2289 461 2346 culum
488 2297 676 2346 evocatorum
701 2287 883 2348 Schmidtius
911 2309 970 2347 non
997 2291 1118 2361 adiecit,
1148 2293 1202 2350 sed
1226 2312 1302 2369 quae
1331 2295 1500 2368 composuit
1525 2294 1698 2369 adsumptis

365 2390 402 2449 iis
425 2409 501 2466 quae
524 2389 696 2467 singillatim
719 2391 798 2448 inira
819 2391 1039 2450 adnotabuntur
1061 2411 1115 2468 pro
1138 2413 1170 2451 re
1192 2395 1327 2453 sufficere
1347 2395 1494 2453 videntur.

407 2492 607 2572 Evocatorum
630 2493 764 2550 condicio
786 2512 862 2568 quae
883 2494 940 2551 luit
961 2501 1030 2551 ante
1046 2497 1214 2570 Augustum
1238 2515 1304 2553 cum
1327 2496 1421 2554 tituIIs
1444 2515 1549 2570 parum
1566 2496 1697 2554 illustre-

365 2594 468 2670 tnr¹),
494 2603 558 2652 tota
584 2595 737 2669 praeteriri
763 2613 822 2653 non
851 2604 964 2670 potest,
990 2597 1131 2672 quoniam
1159 2597 1186 2655 si
1211 2598 1285 2673 quid
1306 2598 1394 2656 video
1417 2595 1602 2658 Schmidtius
1631 2617 1698 2655 eam

366 2715 425 2753 non
452 2704 531 2754 recte
553 2694 687 2753 definivit
711 2705 741 2754 et
765 2697 808 2752 ita
829 2697 956 2755 instituti
979 2697 1170 2756 fundamenta
1191 2701 1342 2774 pervertit.
1386 2698 1535 2758 Nimirum
1562 2699 1622 2757 tria
1649 2718 1700 2775 ge-

367 2817 438 2855 nera
460 2797 580 2854 militiae
594 2816 671 2873 quae
686 2797 798 2872 antiqui
814 2809 949 2856 auctores
972 2797 1064 2856 fuisse
1080 2801 1209 2870 tradunt,
1232 2808 1449 2860 sacramentum
1464 2801 1611 2860 tumultus
1628 2819 1700 2859 evo-

366 2897 484 2974 catiol)
506 2899 616 2958 rectius
637 2899 807 2974 redigentur
828 2900 867 2958 ad
889 2900 966 2972 duo,
993 2901 1129 2959 militIam
1151 2901 1264 2961 seilicet
1284 2903 1445 2978 legitimam
1467 2903 1552 2962 iussu
1573 2901 1700 2979 publico

366 3009 534 3078 susceptam
568 3014 598 3058 et
631 3009 798 3076 susceptam
834 3010 940 3076 sponte
973 3002 1038 3060 eius
1072 3003 1124 3088 qui
1156 3003 1272 3062 militat.
1321 3003 1467 3080 Legitima
1494 3007 1533 3064 ad
1559 3004 1701 3062 militiam

366 3103 447 3162 cives
469 3109 615 3161 vocantur
636 3113 688 3160 aut
708 3101 832 3175 dilectu,
860 3121 921 3179 quo
950 3113 1134 3161 sacramento
1161 3099 1361 3182 rogantur³),
1388 3115 1440 3164 aut
1465 3105 1612 3176 tumultu,
1640 3122 1702 3180 quo

367 3204 532 3262 coniuratio
555 3205 602 3275 fit;
625 3203 764 3262 differunt
785 3213 882 3262 sutem
906 3205 964 3263 duo
986 3222 1096 3281 genera
1118 3223 1163 3277 eo,
1185 3207 1266 3281 quod
1288 3208 1375 3266 miles
1394 3209 1492 3266 Iactus
1508 3215 1703 3266 sacramento
1778 3279 1779 3282 1

363 3381 366 3388 ’
426 3363 449 3427 ¹)
468 3366 572 3430 Spectat
592 3362 626 3412 ad
645 3377 689 3412 eos
708 3378 741 3412 ex
761 3363 841 3412 titulis
860 3378 924 3427 qnos
941 3363 1073 3424 habemus,
1093 3371 1194 3428 praeter
1206 3371 1295 3414 notum
1310 3365 1469 3430 Campanum
1483 3367 1519 3427 X,
1533 3366 1605 3414 3886
1620 3365 1704 3428 legio·

366 3459 433 3508 narii
453 3457 602 3508 Caesariani
623 3454 739 3520 le9(ione)
758 3451 814 3504 VII
829 3455 938 3515 evocati,
959 3455 1145 3506 Minturnensis
1164 3457 1203 3518 X,
1225 3457 1308 3507 6011:
1334 3453 1365 3515 Q.
1379 3455 1525 3508 Ancharius
1547 3454 1575 3507 0.
1591 3457 1619 3520 s.
1642 3455 1703 3506 1²01.
1778 3481 1779 3486 =

365 3547 582 3610 ll'urbone(n)s(is)
602 3563 675 3614 eques
693 3553 810 3597 evocatus
829 3563 918 3596 aanor.
938 3554 990 3596 nat.
1003 3543 1108 3596 XXIII
1124 3547 1169 3597 ula
1187 3545 1311 3610 Scaevae,
1335 3550 1406 3599 nullo
1425 3549 1504 3600 modo
1528 3551 1552 3599 is
1570 3549 1705 3612 aptandus

368 3642 401 3692 ad
421 3648 541 3691 evocatos
559 3641 689 3690 institutos
708 3639 740 3690 ab
760 3642 892 3704 Augusto,
920 3639 1090 3689 CaesarIanus
1109 3641 1182 3689 milas
1201 3641 1310 3690 fortasse
1334 3649 1361 3690 et
1378 3643 1433 3706 ipse
1457 3641 1499 3702 (cI.
1521 3640 1546 3690 b.
1560 3639 1593 3690 G.
1609 3639 1636 3700 3,
1652 3641 1703 3688 20:

366 3733 450 3783 multis
469 3734 533 3782 siris
544 3729 660 3797 sortibus
683 3729 776 3780 Tolosa
795 3737 820 3780 et
837 3728 958 3781 Narbone
977 3731 1122 3781 nominatim
1139 3731 1267 3794 evocatis),
1290 3740 1317 3781 ut
1331 3733 1431 3784 Sesars
1450 3747 1560 3797 quoque,
1579 3729 1629 3780 snb
1651 3745 1705 3796 quo

368 3825 498 3890 praefecto
522 3825 629 3887 meruit,
657 3825 766 3874 fortasse
791 3829 830 3872 est
853 3824 890 3872 M.
910 3823 1015 3874 Caesius
1039 3825 1138 3876 Scaeva
1162 3829 1239 3873 notae
1263 3823 1421 3874 fortitudinis
1447 3824 1561 3873 centurio
1591 3822 1707 3882 (Caesar

368 3917 392 3966 b.
407 3932 427 3967 c.
443 3917 468 3978 3,
489 3917 537 3980 53;
558 3917 677 3966 Valerius
692 3915 823 3966 Maximus
843 3915 867 3976 3,
890 3917 915 3976 2,
936 3917 971 3964 24
985 3913 1043 3975 cet.)
1064 3923 1090 3964 et
1108 3921 1245 3980 propterea
1264 3917 1363 3981 maguis
1383 3915 1458 3965 donis
1478 3915 1588 3966 donatus
1614 3913 1706 3974 (Caes.

368 4010 385 4058 l.
400 4025 436 4071 c.;
461 4009 552 4058 Cicero
572 4009 607 4058 ad
626 4008 681 4058 Att.
697 4009 743 4068 14,
767 4006 821 4068 10),
841 4007 950 4056 fortuma
969 4008 1045 4056 etiam
1066 4023 1131 4072 equo
1151 4007 1254 4072 publico
1275 4015 1300 4057 et
1318 4008 1479 4072 praefectura
1497 4007 1561 4056 alae.
1585 4029 1622 4040 -
1650 4003 1707 4053 Ala

369 4107 454 4150 sutem
473 4103 501 4150 ln
519 4101 569 4150 hoc
588 4099 663 4149 titulo
683 4099 711 4148 id
734 4099 874 4162 signifieat,
894 4099 964 4163 quod
984 4099 1078 4149 delude
1098 4099 1243 4164 signilrcars
1263 4101 1339 4160 solet,
1359 4113 1442 4165 neqne
1461 4097 1585 4149 habemus
1606 4097 1708 4162 opInor

369 4193 424 4242 eins
443 4208 504 4242 usus
524 4199 613 4242 testem
632 4192 682 4240 hoe
701 4191 776 4240 titulo
795 4191 975 4255 antiquiorem.

427 4282 452 4346 ²)
472 4283 590 4335 Tradunt
609 4283 673 4332 haee
691 4288 905 4332 commentatores
918 4283 1061 4346 Vergiliani
1080 4283 1113 4332 sd
1133 4283 1200 4333 Aen.
1216 4285 1241 4345 2,
1264 4283 1324 4334 157.
1340 4283 1365 4346 t,
1380 4283 1433 4333 614
1454 4291 1479 4332 et
1497 4280 1653 4332 Terentiani
1673 4279 1708 4329 sd
1778 4253 1779 4258 ¹

369 4377 436 4426 Eun.
450 4377 476 4437 4,
499 4378 523 4437 7,
545 4378 560 4424 2
581 4383 606 4424 et
624 4375 741 4424 Isidorus
760 4375 825 4438 orig.
840 4373 868 4434 9,
891 4375 915 4434 3,
937 4375 1058 4436 53-55,
1079 4374 1121 4424 hic
1141 4375 1194 4424 illie
1213 4383 1341 4437 errantes,
1361 4375 1451 4425 sedin
1472 4386 1622 4424 summare
1642 4387 1709 4437 pen·

369 4470 459 4519 dentes
479 4482 511 4517 ex
531 4468 658 4517 tralaticia
676 4467 803 4516 divisione
823 4467 935 4530 opIImae
955 4467 1124 4516 auctoritatis.

427 4557 451 4621 ³)
472 4559 585 4609 DIlectni
604 4566 688 4608 utrum
708 4565 798 4623 sponte
818 4573 844 4608 se
864 4558 974 4608 offerant
992 4559 1086 4608 milites
1111 4574 1143 4608 an
1168 4533 1285 4608 mereant
1308 4560 1403 4620 coacti,
1430 4557 1538 4623 perinde
1563 4563 1616 4617 est;
1645 4571 1709 4604 nam
1778 4583 1779 4640 1

368 4652 488 4702 iubentur
508 4652 618 4702 militare
637 4651 677 4699 illi
695 4665 796 4716 quoque
815 4657 1026 4714 sacramentoque
1046 4657 1167 4715 rogantur
1186 4657 1237 4699 tam
1257 4652 1325 4700 ultro
1339 4651 1432 4699 milites
1444 4649 1506 4698 laeti
1520 4661 1598 4714 quam
1613 4647 1710 4697 eoacti

368 4743 459 4808 Itaque
480 4743 616 4793 voluntarii
637 4744 681 4808 qui
705 4743 824 4792 dicuntur
847 4743 917 4792 nullo
943 4743 1021 4792 modo
1047 4742 1221 4792 confundendi
1245 4749 1304 4792 sunt
1328 4757 1385 4791 eum
1408 4742 1534 4803 evocatia3
1563 4741 1650 4789 immo
1677 4755 1710 4788 ex
1778 4775 1779 4784 .

370 4836 464 4885 dilectu
483 4836 533 4885 hoc
552 4850 628 4885 sensu
648 4835 752 4884 veniunt
771 4836 924 4899 quicumque
943 4841 1042 4884 merent
1061 4835 1087 4884 in
1107 4835 1208 4899 legione
1227 4833 1311 4883 aliove
1330 4847 1437 4898 corpore
1456 4832 1563 4882 militari
1588 4831 1649 4880 iure
1670 4845 1710 4879 re·
1778 4847 1779 4902 j

370 4935 453 4992 cepto.
479 4955 511 4964 -
545 4928 635 4978 Utrum
654 4927 753 4977 Romae
773 4927 880 4975 dilectus
899 4926 944 4975 fiat
963 4941 995 4976 an
1015 4927 1167 4991 regionatim
1187 4941 1233 4990 per
1253 4927 1451 4990 conquisitores,
1477 4924 1510 4974 ad
1536 4923 1578 4972 ius
1597 4923 1711 4971 militiae
1778 4917 1779 4988 1

370 5018 528 5082 nihilfecit,
549 5033 597 5068 nee
616 5027 684 5069 reete
703 5018 862 5071 Schmidtius
882 5019 1057 5069 evocationem
1078 5019 1174 5068 rettulit
1193 5018 1227 5068 ad
1248 5018 1370 5068 dilectum
1389 5031 1434 5083 per
1455 5015 1649 5081 conquisitores
1671 5015 1711 5062 in·
1778 4995 1779 5010 ³

371 5111 496 5160 stitutum.
