3524 5932
379 534 451 605 636
956 549 1139 602 uouussrr

380 726 447 782 loco
477 745 534 783 non
563 723 791 801 quaeremus¹);
827 724 1016 800 cogitandum
1043 725 1101 782 erit
1127 722 1314 800 potissimum
1343 723 1379 780 de
1405 721 1594 779 curatoribus
1619 739 1700 776 rerum

382 829 580 903 publicarum,
607 846 683 903 quos
706 834 826 886 constat
848 827 904 883 hac
927 834 1023 884 aetate
1046 834 1125 884 certe
1148 825 1177 882 in
1201 824 1364 900 provinciis
1387 823 1541 882 Africanis
1563 827 1703 900 magistra·

380 938 464 988 tuum
487 931 710 1008 municipalium
735 930 833 987 locum
858 929 1021 986 obtinuisse
1043 935 1073 984 et
1096 945 1168 985 suae
1192 944 1340 1003 quemque
1366 926 1496 984 civitatis
1523 925 1639 1002 negotia
1662 923 1703 980 ad-

381 1034 580 1091 ministrasse.

425 1133 563 1195 Secundo
586 1135 679 1211 gradu
703 1134 833 1193 salutant
855 1133 1022 1210 praesidem
1045 1133 1173 1210 primum
1189 1130 1335 1190 officiales
1352 1132 1447 1208 ipsius
1464 1131 1618 1206 primores.
1653 1127 1704 1187 Sci·

381 1239 451 1296 licet
474 1257 538 1296 cum
565 1255 688 1313 praeses
715 1237 888 1314 provinciae
916 1236 1044 1292 officium
1072 1235 1194 1306 habeat,
1224 1233 1386 1292 secundum
1410 1231 1557 1290 Notitiam
1582 1231 1706 1307 Dignita-

379 1339 493 1416 turni),
521 1341 591 1398 hoc:
623 1341 648 1396 l.
671 1339 849 1416 principem3
880 1337 908 1394 2.
930 1337 1175 1406 cornicularium
1204 1338 1231 1395 3.
1249 1339 1562 1404 commentariensem
1592 1335 1621 1392 4.
1636 1334 1706 1390 adiu·

381 1454 489 1514 torem3
519 1444 546 1500 5.
564 1446 778 1510 numerarium3
806 1439 833 1498 6.
858 1440 895 1496 ab
918 1439 1007 1510 actis3
1036 1439 1063 1496 7.
1088 1458 1106 1494 a
1128 1438 1256 1510 libellis;
1284 1439 1312 1497 8.
1336 1446 1528 1513 exceptorem
1557 1436 1585 1494 9.
1605 1447 1707 1494 ceteros

382 1545 595 1615 cohortalium,
619 1544 677 1599 hoc
699 1542 792 1619 gradu
816 1550 958 1599 vocantur
980 1541 1067 1616 primi
1091 1541 1150 1598 duo
1173 1541 1312 1618 princeps
1335 1549 1365 1597 ct
1386 1539 1612 1596 cornicularius.

425 1643 522 1704 Simul
546 1655 689 1703 vocantur
711 1644 857 1714 Palatini;
884 1643 971 1702 aliter
999 1644 1077 1700 eninr
1105 1643 1205 1700 hiatus
1233 1642 1346 1718 expleri
1373 1643 1484 1716 nequit.
1535 1639 1707 1699 Officialinn

381 1748 497 1806 scilicet
519 1748 578 1805 duo
601 1766 711 1824 genera
734 1756 804 1804 sunt
827 1747 1052 1823 magistratuum
1075 1745 1231 1817 maiorum,
1260 1762 1388 1820 quorum
1410 1751 1547 1819 potestas
1570 1761 1630 1800 non
1651 1759 1709 1798 con·

380 1851 492 1909 tinetur
513 1850 600 1908 unius
624 1849 794 1925 provinciae
816 1849 940 1918 finibus,
969 1856 999 1905 et
1024 1839 1195 1922 praesidum
1222 1846 1456 1922 provinciarum
1486 1846 1517 1902 hi
1543 1843 1708 1902 cohortaliui

381 1952 527 2028 appellari
550 1953 657 2023 solent,
679 1950 723 2008 illi
739 1949 926 2025 Palatini³);
950 1957 980 2006 et
1001 1950 1090 2008 habet
1111 1950 1257 2008 rationem
1274 1947 1431 2007 Palatinos
1450 1965 1555 2006 omues
1571 1945 1708 2004 admissos

380 2073 446 2112 csse
469 2073 616 2112 unacum
640 2054 817 2128 primatibus
839 2053 955 2110 duobus
978 2051 1238 2112 cohortalinorum.

422 2157 528 2214 Tertia
550 2156 612 2213 rice
634 2155 686 2230 qui
708 2156 937 2214 introducuntur
961 2157 1104 2224 coronati,
1133 2155 1169 2211 de
1191 2154 1228 2212 iis
1256 2153 1377 2213 difficile
1403 2162 1451 2211 est
1477 2159 1625 2222 statuere,
1651 2169 1708 2209 cum

378 2277 455 2333 quae
478 2257 682 2334 sequebantur
702 2257 734 2315 in
756 2256 856 2332 lepide
878 2256 1048 2315 oblitterata
1070 2257 1138 2314 sint.
1181 2254 1329 2314 Videntur
1350 2264 1451 2314 tamen
1473 2253 1573 2313 redire
1596 2254 1626 2312 in
1647 2271 1707 2311 con·

379 2361 533 2418 stitutione
556 2380 581 2417 a.
599 2360 658 2417 407
688 2357 737 2432 (C.
754 2358 812 2416 Th.
826 2357 879 2430 ·16,
895 2356 923 2429 2,
947 2357 1001 2433 38)
1027 2359 1137 2417 emissa
1161 2357 1198 2415 ad
1221 2357 1432 2435 proconsulem
1456 2356 1595 2428 Africae,
1623 2365 1655 2412 ut
1674 2357 1708 2412 its

379 2463 542 2521 satisfieret
569 2461 706 2538 precibus
737 2461 945 2537 episcoporum
976 2479 1011 2518 eo
1041 2461 1108 2537 ipso
1137 2479 1215 2520 anuo
1244 2458 1425 2536 Carthagine
1458 2469 1706 2538 congregatorum,

378 2583 456 2639 quae
486 2574 556 2622 sunt
584 2565 639 2621 hae
672 2561 755 2637 (coll.
782 2563 887 2620 concil.
918 2563 963 2620 ed.
991 2562 1088 2620 Mansi
1115 2570 1187 2621 tom.
1210 2564 1227 2622 3
1254 2560 1362 2638 psot
1384 2587 1420 2612 =
1443 2564 1550 2621 tomi
1579 2581 1608 2637 p.
1626 2559 1706 2632 son:

374 2667 505 2741 placuit.
521 2709 527 2722 .
543 2677 575 2723 ut
593 2674 693 2740 petant
716 2684 748 2723 en
769 2668 881 2724 notitiae
897 2668 1113 2740 provinciarum
1135 2669 1258 2723 omnium
1280 2665 1368 2741 lepati
1462 2683 1481 2720 a
1502 2665 1707 2740 pleriosissinis

378 2767 605 2844 inperatoribus,
629 2777 660 2825 nt
675 2768 741 2826 dent
754 2769 925 2844 facultatem
948 2768 1109 2841 defensores
1132 2769 1320 2826 consumendi
1340 2767 1527 2826 scholasticos
1542 2769 1594 2842 qui
1608 2769 1636 2822 in
1651 2773 1707 2822 cetu

378 2881 443 2930 sunt
465 2871 509 2929 cel
529 2874 560 2927 in
582 2889 694 2929 inuuere
717 2873 889 2946 defensionis
912 2887 1079 2941 causarum,
1101 2881 1132 2928 ut
1153 2889 1229 2929 ruore
1249 2870 1427 2929 sacerdotum
1443 2871 1613 2945 prouinciae
1635 2867 1706 2924 iidua

377 2977 448 3046 ipsi,
477 2977 526 3049 qui
547 2974 737 3054 defensionem
766 2975 947 3030 eeclesiarum
969 2975 1157 3049 susceperint,
1184 2973 1305 3031 helmst
1323 2973 1494 3047 facultatem
1519 2989 1577 3046 pro
1599 2972 1706 3046 amosiis

377 3078 561 3134 ecelesiarum
678 3077 790 3151 inpredi
811 3077 937 3134 iudicum
957 3079 1121 3134 secretaria.
1167 3074 1312 3133 Adnuunt
1333 3075 1545 3150 imperatores:
1579 3072 1707 3148 (ecclesiis

331 3249 334 3256 ι
377 3189 401 3234 et
424 3177 546 3253 clericis)
569 3178 620 3236 hoc
643 3219 668 3234 ..
689 3181 876 3253 praeeipuam
898 3187 924 3235 et
945 3177 1092 3252 sinpulare
1113 3178 1279 3252 deferimus,
1308 3188 1340 3236 ut
1362 3194 1554 3253 quaecamque
1581 3177 1616 3233 de
1635 3173 1707 3232 nobis

376 3281 417 3338 ad
439 3282 585 3338 ecclesiane
606 3288 716 3338 tentum
733 3282 905 3356 pertinentia
927 3279 1090 3354 specialiter
1104 3280 1216 3353 suerint
1231 3283 1393 3356 impetrata,
1415 3297 1473 3336 non
1483 3297 1540 3354 per
1555 3286 1707 3340 coronatos,

377 3382 427 3439 sed
448 3381 484 3438 ab
507 3383 662 3454 aduocatis,
685 3400 780 3441 eorum
802 3381 954 3451 arbitrata,
977 3391 1003 3439 et
1022 3382 1164 3440 iudicibus
1179 3385 1354 3440 innotescant
1367 3389 1395 3439 et
1407 3383 1569 3439 sortiantur
1582 3381 1705 3456 effecturi.

377 3483 547 3542 Sacerdotes
570 3503 636 3542 cero
656 3487 819 3559 meretriciae
842 3494 925 3542 erunt
949 3483 1082 3556 solliciti,
1111 3503 1145 3542 ne
1171 3485 1221 3543 sab
1248 3483 1302 3543 liae
1328 3485 1433 3542 scilicet
1456 3484 1610 3560 priuilepii
1634 3499 1704 3540 ercii-

375 3590 483 3645 satione
505 3589 588 3644 etiam
615 3597 713 3644 centra
739 3604 834 3644 eorum
861 3587 1010 3644 utilitatem
1035 3587 1149 3662 aliquid
1175 3587 1219 3644 leis
1246 3588 1389 3663 inseratur
1413 3587 1595 3645 incommodi.
1640 3583 1705 3640 lude

374 3688 439 3746 iure
461 3688 636 3765 colligemus
659 3697 728 3746 ante
751 3707 817 3746 eam
839 3688 933 3766 legem
956 3687 1055 3746 datam
1074 3689 1123 3764 qui
1140 3689 1287 3748 ecclesiae
1302 3687 1423 3747 nomine
1437 3688 1582 3763 quiddam
1597 3706 1614 3744 a
1628 3703 1705 3763 prae

375 3789 440 3849 side
463 3799 590 3866 peteret,
614 3811 666 3868 per
688 3800 863 3849 coronatum
885 3809 947 3847 rem
971 3791 1009 3848 ad
1032 3791 1200 3867 praesidem
1225 3789 1384 3863 detulisse,
1407 3791 1468 3848 iam
1494 3809 1566 3849 vero
1591 3790 1650 3848 lata
1672 3805 1705 3843 ea

375 3893 552 3951 advocatum
576 3892 719 3952 ecclesiae
740 3892 926 3950 defensorem
950 3893 1143 3951 constitutum
1164 3911 1224 3952 nou
1245 3893 1461 3952 interveniente
1482 3905 1626 3952 coronato
1643 3907 1704 3947 cum

434 4123 457 4186 ¹)
478 4125 619 4174 videantur
639 4139 704 4190 quac
723 4126 887 4189 exposuimus
906 4125 1061 4191 Marquardt
1080 4122 1324 4191 Staatseerrealtuny
1350 4125 1401 4187 (ed.
1416 4125 1442 4184 2)
1468 4125 1550 4174 roll
1574 4141 1597 4189 p.
1613 4125 1665 4173 164
1683 4129 1705 4168 rt

374 4231 421 4280 ego
440 4216 611 4282 interpretans
631 4216 717 4266 album
735 4217 834 4267 ordinis
847 4219 1071 4282 Thamugadeneis
1091 4217 1128 4279 (in
1142 4219 1189 4268 hac
1202 4218 1269 4282 Eph.
1288 4217 1367 4268 voli
1387 4233 1414 4282 p.
1426 4218 1460 4268 ts
1471 4217 1536 4284 seq.)
1556 4217 1612 4267 huic
1625 4215 1704 4264 edicta

374 4309 490 4374 aequale.

433 4397 457 4462 ²)
478 4401 585 4453 Secutus
604 4417 660 4451 sum
680 4403 782 4452 schema
802 4401 847 4453 Or.
867 4419 889 4452 c.
902 4402 1003 4453 XLIII.
1023 4401 1111 4453 XLIV
1132 4401 1191 4464 (nisi
1212 4402 1282 4467 quod
1301 4417 1323 4452 e.
1336 4401 1433 4465 XLIV,
1458 4417 1546 4452 errore
1562 4399 1659 4451 librarii
1681 4406 1705 4446 nt

374 4494 484 4555 videtur,
505 4493 590 4543 deficit
609 4495 653 4558 qui
673 4501 711 4544 est
730 4509 747 4544 a
765 4494 878 4555 libellis).
916 4495 948 4544 In
968 4495 1047 4544 alteru
1067 4493 1127 4545 Occ.
1148 4510 1170 4543 c.
1183 4493 1283 4543 XLIII.
1296 4493 1386 4544 XLIV
1406 4495 1482 4543 tertio
1501 4495 1559 4544 loco
1575 4493 1705 4543 nomima-

373 4591 415 4634 tur
433 4584 557 4635 tabularii
575 4585 633 4647 dac,
655 4603 711 4636 cum
731 4587 835 4636 deficiat
854 4587 943 4652 quinto
963 4587 1132 4648 numerarius,
1153 4593 1179 4635 et
1196 4601 1244 4651 pro
1263 4587 1307 4651 qui
1326 4592 1364 4635 est
1383 4603 1400 4634 a
1419 4584 1513 4636 ithus
1532 4586 1632 4650 ponitur
1652 4579 1704 4629 aab

374 4675 476 4727 adiuva.
515 4678 650 4728 Praeterea
669 4695 691 4728 c.
705 4679 806 4740 XLIII,
827 4693 913 4728 errore
933 4679 1047 4740 omnino,
1066 4679 1168 4728 adiutor
1186 4678 1318 4744 praecedit
1335 4681 1600 4729 commentariensem.

432 4767 456 4830 ³)
477 4769 519 4819 Dc
537 4786 565 4819 re
585 4777 647 4820 nota
665 4770 760 4820 sufficit
778 4771 910 4820 remittere
929 4770 963 4819 ad
983 4769 1138 4820 Gothoiredi
1158 4771 1297 4834 paratitlun
1317 4770 1347 4820 C.
1361 4771 1412 4821 'Ila
1426 4771 1452 4834 6,
1467 4770 1512 4820 30.
1552 4771 1647 4820 Verum
1671 4777 1705 4814 est

373 4861 508 4912 Palatinos
528 4863 690 4926 potissimum
709 4862 825 4926 intellegi
845 4862 968 4912 officiales
988 4862 1111 4912 comitum
1130 4875 1259 4912 sacrarum
1278 4863 1444 4926 largitionum
1469 4869 1495 4912 et
1517 4877 1600 4912 rerum
1621 4863 1704 4926 prisa-

313 4947 317 4954 ’
372 4959 506 5018 tarumque
525 4956 636 5019 itemque
649 4955 785 5004 castrensis
799 4955 865 5004 sacri
879 4955 980 5019 palatii3
1002 4961 1086 5004 utrum
1100 4955 1122 5004 is
1136 4955 1180 5019 qui
1192 4955 1310 5004 ordinem
1323 4955 1487 5005 salutationis
1500 4955 1601 5019 scripsit
1612 4953 1645 5002 de
1658 4953 1706 5001 iliu

370 5045 531 5110 potissimum
552 5046 682 5111 cogitarit,
707 5061 771 5112 quas
790 5047 939 5112 saepissime
958 5046 985 5096 iu
1004 5046 1144 5110 provinciis
1163 5054 1277 5096 versatos
1303 5061 1358 5096 esse
1381 5055 1473 5098 notam
1496 5055 1547 5109 est,
1571 5061 1603 5096 an
1629 5045 1703 5094 etiam

370 5137 495 5188 officiales
514 5139 701 5202 praefectorum
721 5139 863 5202 praetorio,
890 5139 935 5203 qui
953 5139 1058 5203 proprie
1082 5145 1142 5188 sunt
1164 5138 1344 5204 praefectiani,
1369 5149 1394 5189 et
1419 5141 1541 5190 comitum
1565 5138 1704 5202 ducumque

369 5231 408 5279 rei
427 5231 546 5280 militaris
565 5231 657 5281 latiore
677 5245 751 5280 sensu
770 5230 905 5281 Potuitncs
924 5231 1029 5293 vocarit,
1051 5231 1153 5280 definiri
1172 5247 1223 5282 non
1243 5236 1335 5296 potest.
