3574 5942
431 466 735 524 ousnnvnurouns
754 457 1045 524 uriennuntonu.
1335 427 1404 526 131

84 657 209 722 repentem
231 645 312 720 (vita
326 643 502 705 Numeriani
528 645 581 716 133
605 643 710 703 Victor
724 642 812 705 Caes.
829 644 884 721 39)
907 645 954 704 vel
976 645 1051 703 adeo
1074 644 1211 703 comitem
1235 645 1410 704 domestico-

82 768 137 806 rum
171 745 403 822 (Zonaraslb,
428 749 480 805 31:
514 735 598 803 datm
625 739 656 802 δὲ
683 736 793 817 κᾶμητα
821 740 991 814 brumalem
1018 739 1104 804 αὖτόν
1131 736 1273 823 γενέσθαι
1306 739 1411 823 φασί),

83 869 132 907 non
152 861 233 907 recte
252 849 322 906 iude
338 849 496 924 colligetur
510 867 545 907 eo
560 854 695 924 tempore
710 846 804 908 luisse
818 847 927 907 milites
943 847 1095 924 palatinos
1109 847 1290 907 domesticos
1305 848 1411 920 dictos,

85 970 139 1008 rum
163 951 195 1008 id
218 969 343 1021 nomen,
365 957 398 1008 ut
418 949 498 1008 infra
520 950 650 1022 dicetur,
673 957 781 1027 quarto
796 949 913 1008 demum
936 950 1054 1010 sacculo
1077 950 1175 1008 medio
1197 950 1332 1028 incipiat,
1358 969 1412 1009 nec

84 1071 258 1128 magnopere
280 1051 406 1110 offendit
427 1061 628 1127 protectorum
643 1051 792 1110 vocabulo
812 1071 848 1108 co
865 1061 998 1128 tempore
1021 1052 1131 1110 usitato
1153 1071 1172 1108 a
1193 1052 1412 1127 posterioribus

83 1155 255 1214 substitutos
278 1171 346 1212 ease
368 1153 562 1226 domesticum
587 1154 640 1212 sed
659 1153 714 1212 sub
730 1152 962 1212 domesticorum
979 1152 1125 1210 vocabulo
1141 1153 1279 1228 antiquos
1295 1161 1413 1228 praeto·

84 1257 178 1313 rianos
200 1255 294 1313 latere
316 1273 480 1330 eorumque
501 1264 573 1331 puta
587 1255 738 1313 tribunatu
750 1254 968 1313 Diocletianum
983 1263 1045 1310 tum
1059 1253 1192 1311 functum
1209 1271 1286 1325 csse,
1308 1274 1412 1331 parum

83 1357 238 1415 verisimile
260 1365 315 1414 est.
348 1356 446 1414 Immo
468 1356 541 1414 haec
556 1373 591 1414 eo
607 1355 719 1414 ducunt
734 1363 801 1412 ante
818 1355 1040 1413 Diocletianum
1057 1373 1166 1430 corpus
1188 1357 1339 1432 quoddam
1361 1377 1413 1414 ex·

83 1459 176 1516 titisse
199 1477 218 1514 a
239 1457 438 1535 praetorianis
461 1456 613 1516 diversum
640 1457 795 1516 custodiae
820 1457 1010 1533 imperatoris
1036 1457 1216 1516 destinatum
1244 1465 1274 1516 et
1300 1458 1413 1516 habens

83 1559 182 1618 ducem
205 1577 301 1618 sunm.
347 1557 528 1617 Constitutio
553 1558 735 1617 Diocletiani
757 1559 826 1616 anui
847 1559 951 1617 incerti
973 1556 1047 1616 cod.
1062 1558 1136 1617 lust.
1156 1559 1203 1630 10,
1219 1559 1269 1632 48,
1286 1559 1315 1630 2,
1337 1578 1414 1635 quac

86 1663 147 1720 sola
170 1663 248 1720 inter
269 1663 333 1719 eius
358 1661 443 1737 leges
465 1669 665 1735 protectorum
688 1661 836 1732 meminit,
864 1659 1077 1718 immunitatem
1101 1662 1282 1719 confirmans
1304 1660 1341 1718 iis
1365 1666 1415 1737 qui

84 1773 128 1822 unt
152 1783 186 1820 eu
203 1763 411 1839 protectoribus
433 1771 499 1820 tunt
521 1771 572 1820 aut
593 1781 626 1820 eu
643 1765 830 1838 praepositis,
852 1780 919 1819 cnm
941 1761 1078 1838 proxime
1094 1763 1216 1821 accedat
1235 1763 1272 1820 ad
1290 1763 1414 1838 inscrip-

85 1867 192 1922 tionem
219 1862 533 1940 Gratiauopolitananr
563 1881 589 1920 a.
610 1863 671 1923 263
698 1863 740 1938 (n.
758 1863 808 1939 b),
837 1869 938 1940 potest
964 1863 1085 1922 omnino
1112 1863 1149 1920 ad
1178 1865 1319 1940 antiquos
1348 1883 1415 1942 pro·

86 1977 208 2025 tectores
231 1965 319 2037 trahi,
347 1964 399 2023 sed
422 1983 481 2023 non
504 1965 601 2023 minus
623 1966 662 2024 ad
683 1983 778 2024 novos
800 1984 838 2022 ex
860 1964 921 2023 illie
943 1964 986 2022 ita
1007 1973 1123 2036 enatos,
1150 1973 1183 2023 ut
1204 1966 1314 2024 multae
1337 1965 1416 2024 ordi·

85 2070 218 2126 nationes
243 2066 380 2141 utrisque
412 2067 525 2141 pariter
551 2066 736 2124 conveniant.
782 2065 896 2125 Contra
922 2066 1002 2142 quod
1036 2067 1066 2125 in
1098 2067 1174 2125 libro
1202 2067 1237 2125 de
1267 2068 1415 2126 mortibus

86 2177 303 2246 persecutorum
327 2167 368 2243 (c.
388 2167 424 2226 19
447 2168 484 2226 cf.
501 2186 525 2225 c.
541 2167 594 2243 18)
618 2168 727 2245 scripto
750 2187 777 2226 a.
794 2168 888 2227 31314
910 2166 1086 2226 Lactantius
1102 2179 1204 2227 narrat
1218 2169 1416 2227 Maximinum

86 2273 170 2347 mtgo
191 2271 308 2329 Duram
336 2271 375 2327 ab
398 2269 547 2327 avunculo
571 2266 696 2329 Galerio
725 2269 854 2344 primum
878 2269 1040 2328 scutarium
1068 2269 1178 2328 lactum
1201 2287 1283 2342 esse,
1311 2271 1417 2329 deinde

88 2383 298 2447 protectorem,
324 2387 396 2428 mox
419 2371 583 2442 tribunum,
610 2369 737 2446 denique
760 2389 786 2428 a.
803 2369 864 2429 305
886 2369 1106 2429 adulescentem
1129 2372 1281 2429 etiamtum
1305 2370 1418 2430 Caesa-

88 2493 160 2544 rem,
189 2473 228 2532 ad
249 2482 435 2551 protectores
458 2473 569 2531 saeculi
592 2472 671 2530 tertii
694 2491 800 2548 parum
826 2490 858 2530 se
881 2472 1101 2545 accommodat,
1129 2483 1208 2530 recte
1230 2475 1351 2532 omnino
1379 2475 1418 2532 ad

88 2577 219 2634 instituta
240 2575 423 2652 posteriora,
451 2575 510 2632 nisi
533 2573 613 2650 quod
634 2575 664 2632 in
687 2573 814 2632 transitu
836 2593 875 2632 ex
898 2574 1002 2632 schola
1023 2574 1219 2634 scutariorum
1243 2574 1279 2632 ad
1302 2583 1417 2651 protec-

89 2685 165 2735 tores
187 2676 300 2752 aliquid
322 2676 438 2752 gratiae
460 2676 591 2734 dandum
614 2683 669 2734 est.

130 2779 233 2854 ltaque
258 2786 321 2836 tam
347 2775 443 2836 titulis
470 2795 561 2852 quam
588 2776 785 2852 scriptoribus
812 2777 937 2836 testibus
965 2779 1002 2836 ab
1024 2778 1187 2837 Aureliano
1215 2777 1283 2835 inde
1310 2796 1419 2856 corpus

88 2881 143 2938 luit
163 2889 363 2956 protectorum
387 2879 444 2936 sub
465 2878 541 2936 duce
564 2895 617 2935 suo
641 2877 795 2936 custodiae
817 2879 1006 2954 imperatoris
1028 2880 1217 2958 potissimum
1240 2881 1418 2939 destinatum

88 2993 116 3040 et
138 2983 266 3040 eminens
282 2999 376 3056 supra
397 2979 613 3055 praetorianos.
646 2979 682 3037 In
701 2979 819 3055 legibus
836 2987 933 3038 tamen
956 2981 1061 3039 horum
1084 2990 1284 3058 protectorum
1308 2983 1419 3041 mentio

89 3091 168 3140 certa
193 3083 275 3140 nulla
299 3081 449 3158 reperitur
470 3089 540 3139 ante
566 3099 675 3138 anuum
699 3079 809 3156 3251).
833 3113 871 3125 —
895 3080 1135 3141 Domesticorum
1157 3083 1333 3142 vocabulum
1360 3103 1420 3142 non

89 3185 196 3244 olleucb
217 3195 287 3243 ante
312 3179 578 3256 Constantiuml),
605 3200 701 3257 neque
724 3182 861 3240 absimile
894 3182 955 3240 veri
989 3191 1034 3240 cst
1066 3193 1208 3260 utrosque
1240 3204 1298 3243 non
1332 3185 1421 3244 simul

90 3287 238 3344 institutos
270 3302 353 3358 esse,
386 3283 440 3342 scd
471 3283 692 3361 protectoribus
725 3283 894 3342 reformatis
929 3283 1057 3342 fortasse
1090 3287 1127 3343 ab
1155 3287 1320 3345 Aureliano
1352 3296 1423 3362 post

90 3387 283 3459 intervallum,
305 3404 366 3444 non
389 3403 529 3462 magnum
552 3393 660 3458 tamen,
682 3385 862 3443 domesticos
885 3385 1024 3444 adiectos.
1042 3420 1083 3428 -
1105 3385 1295 3445 Protectores
1318 3395 1348 3445 et
1369 3387 1422 3446 do·

93 3490 230 3547 mesticus
256 3507 327 3545 vere
354 3485 474 3545 differre
500 3495 530 3544 et
555 3496 616 3544 tam
644 3488 700 3544 hos
729 3505 818 3562 quam
844 3486 912 3545 illos
939 3487 1114 3546 laterculum
1144 3489 1296 3565 proprium
1324 3495 1353 3546 et
1378 3489 1423 3546 sio

92 3591 190 3648 decem
211 3589 324 3668 primos
346 3605 418 3648 suos
440 3587 582 3646 habuisse
599 3587 753 3646 declarant
774 3587 856 3664 leges
872 3587 949 3646 duae
965 3588 1091 3647 Honorii
1115 3587 1149 3648 G.
1166 3589 1224 3647 Th.
1241 3590 1269 3662 6,
1287 3588 1335 3662 24,
1358 3591 1385 3649 8.
1403 3591 1420 3649 9

93 3703 189 3768 aperte
208 3693 391 3750 coniunctae.
440 3688 592 3748 Differunt
612 3697 711 3748 autem
734 3690 764 3747 ni
787 3690 877 3748 fallor
903 3708 939 3748 eo
964 3691 1097 3763 nominc,
1130 3690 1211 3767 quod
1238 3699 1422 3768 protectores

93 3793 209 3870 proprie
229 3793 423 3871 appellantur
443 3790 494 3866 qui
517 3790 675 3865 stipendiis
696 3791 845 3864 emeritis,
874 3791 1029 3850 domestici
1052 3792 1171 3868 proprie
1194 3793 1245 3868 qui
1267 3793 1423 3852 nobilitate

93 3905 125 3952 et
148 3897 240 3970 gratia
259 3893 299 3952 ad
322 3913 390 3952 curn
411 3891 510 3950 locum
532 3893 718 3970 perveniunt,
741 3910 800 3968 qua
822 3893 858 3950 dc
879 3912 912 3950 re
934 3892 1014 3950 infra
1036 3892 1157 3951 dicetur.
1202 3893 1262 3954 Sed
1285 3894 1425 3954 differunt

92 3997 153 4066 ita,
177 4009 259 4054 utre
284 3995 382 4053 omnis
405 3994 542 4052 diversae
563 3992 687 4070 originis
713 3993 837 4053 effectus
866 3995 989 4051 tollatur
1010 4003 1041 4051 et
1062 4013 1121 4052 uon
1144 3996 1241 4053 solum
1269 3995 1369 4054 officia
1396 4005 1425 4054 et

93 4097 255 4174 priuilegia,
277 4095 331 4155 scd
353 4095 422 4171 ipsa
442 4095 497 4153 illa
517 4094 666 4153 vocabula
687 4094 765 4154 inter
785 4095 902 4154 nobiles
923 4095 1046 4154 iuvenes
1062 4105 1278 4173 veteranosque
1293 4098 1331 4156 ad
1346 4098 1425 4156 hunc

94 4199 234 4258 bonorem
249 4197 362 4277 pariter
376 4196 527 4254 admissos
541 4196 763 4272 quodammodo
778 4197 1042 4256 communicentur.
1058 4189 1061 4194 ⁴
1077 4196 1199 4257 Scilicet
1212 4198 1264 4273 qui
1281 4205 1426 4273 praesunt

92 4299 134 4356 iis
159 4302 273 4359 comites
296 4298 356 4358 duo
378 4297 568 4375 appellantur
590 4297 821 4357 domesticorum
841 4299 974 4376 equitum
992 4308 1023 4357 ct
1036 4300 1267 4358 domesticorum
1284 4299 1425 4375 peditum,

162 4487 183 4549 ¹)
199 4490 257 4539 Eius
276 4495 338 4542 anni
358 4501 397 4543 est
411 4493 476 4544 cod.
491 4493 541 4544 Tb.
557 4496 580 4552 7,
597 4494 640 4554 20,
654 4493 684 4542 4:
711 4493 882 4543 comitatenses
900 4499 924 4544 et
942 4494 1055 4561 rr'pensee
1073 4493 1164 4544 milites
1178 4501 1252 4562 atquc
1259 4501 1425 4562 protectores.

96 4581 177 4630 Ant
192 4585 314 4646 sequentis
337 4593 397 4635 sunt
419 4584 453 4634 ib.
475 4583 499 4644 7,
522 4585 565 4645 22,
587 4585 602 4633 2
623 4591 648 4633 et
667 4585 692 4645 3,
714 4586 739 4646 7,
761 4587 790 4647 2;
814 4585 875 4634 anni
897 4585 947 4636 328
970 4585 999 4636 C.
1018 4586 1069 4637 Tb.
1091 4587 1115 4646 7,
1136 4589 1178 4648 20,
1201 4589 1225 4637 5.
1269 4587 1426 4638 Constitutio

98 4685 123 4718 ²
140 4669 222 4726 31315
239 4674 330 4726 C.'1'h.
352 4677 377 4738 7,
398 4679 442 4737 21,
464 4679 477 4726 1
497 4691 644 4726 memorans
664 4690 717 4737 eos,
742 4678 785 4740 qui
805 4691 835 4726 eu
851 4675 1037 4743 protectoribus
1055 4676 1096 4726 rel
1114 4693 1145 4726 ea·
1160 4679 1316 4743 praepositis
1338 4677 1381 4728 uel
1397 4695 1428 4728 eu

97 4761 210 4810 trr'buair
226 4765 370 4830 dignitatem
390 4784 442 4818 uon
462 4769 571 4828 militia,
596 4767 641 4816 sed
661 4767 787 4817 codicillis
806 4769 981 4832 impetrarint,
1007 4771 1085 4819 ctiam
1105 4769 1243 4834 antiquiori
1270 4769 1428 4820 ordinationi

97 4864 166 4918 apta
182 4863 221 4904 tet
250 4857 278 4907 ld
298 4861 381 4924 ipsum
401 4858 471 4910 valet
485 4859 518 4908 de
537 4860 720 4909 constitutione
740 4875 763 4908 a.
779 4859 831 4910 333
852 4860 881 4910 0.
896 4859 947 4911 Th.
968 4863 992 4920 7,
1014 4861 1056 4922 22,
1080 4862 1094 4910 5
1115 4861 1253 4924 praeterita
1266 4861 1427 4925 potissimum

97 4945 246 5009 respiciens.

169 5033 193 5097 ²)
209 5039 351 5104 cunta,
368 5047 393 5104 1,
409 5043 453 5106 38,
473 5043 529 5092 sine
548 5043 627 5093 dnbio
642 5043 797 5107 Constantii,
817 5044 925 5094 sortasse
944 5045 1006 5094 anni
1026 5043 1088 5095 346.
1127 5045 1172 5095 Ad
1190 5043 1299 5096 eandem
1318 5051 1429 5096 aetatem

100 5128 213 5194 pertinet
228 5133 295 5184 locus
314 5133 451 5185 Ammiani
472 5136 514 5196 lt,
538 5137 578 5195 10,
601 5137 625 5184 2.

1186 5246 1221 5303 9.
