3524 5932
462 401 767 456 oasnuvsrmuns
794 400 1078 452 nereasefflcnu.
1227 415 1229 420 ·
1365 380 1436 452 639

87 577 141 636 sed
171 578 293 654 utrique
319 578 431 654 pariter
457 585 549 653 atque
576 576 750 636 officialium
778 575 889 635 scrinis
921 575 960 633 ad
987 585 1100 634 eertum
1129 593 1284 633 numerum
1318 576 1438 654 publice

86 681 183 738 creati
207 689 237 739 et
261 680 437 758 disciplinae
459 680 607 758 praesidis
632 678 769 737 similiter
791 678 918 736 subiecti
936 686 1014 736 recte
1030 677 1208 736 officialibus
1224 676 1435 756 adiunguntur.

88 781 136 838 lta
164 783 197 840 in
225 782 291 860 lege
313 802 339 840 a.
358 783 418 842 344
446 782 566 842 derecta
593 783 630 840 ad
658 781 803 840 vicarium
826 781 948 838 Africae
975 777 1025 854 (O.
1043 779 1100 838 Th.
1122 779 1150 850 8,
1174 779 1221 852 10,
1244 779 1278 855 2)
1307 781 1351 840 sio
1372 790 1435 840 est:

84 895 207 960 praeter
232 884 380 944 sollemnes
409 894 435 944 et
461 888 614 944 canonicas
637 887 842 960 pensitationes
868 885 958 941 multa
985 901 1004 940 a
1025 881 1254 958 prouincialibus
1280 881 1365 958 Afris
1391 888 1435 942 tn·

89 987 258 1062 dipnr'ssims
280 989 467 1062 postulantur
492 987 527 1045 ab
556 987 727 1064 officialibus
757 996 781 1044 et
810 985 1001 1044 scholasticis.
1050 982 1216 1042 Commoda
1243 994 1341 1043 autem
1372 986 1434 1045 litis

88 1107 157 1146 cum
180 1089 359 1165 apartibus
383 1099 442 1147 tam
465 1088 674 1166 exceptoribus
698 1098 728 1146 et
749 1088 902 1146 advocatis
926 1095 1118 1163 praestentur
1141 1105 1230 1162 quam
1253 1088 1433 1148 officialibus

88 1191 286 1266 quibusdam,
309 1192 346 1250 de
370 1193 504 1268 utrisque
527 1191 666 1251 similiter
687 1191 763 1249 edici
785 1191 891 1268 potuit.
922 1221 963 1231 -
994 1188 1178 1248 Officialium
1201 1198 1348 1265 quatenus
1371 1211 1432 1250 me-

87 1301 246 1352 morantur
267 1294 343 1352 ordo
364 1295 505 1353 convenit
524 1312 592 1352 cum
609 1294 713 1366 forma,
737 1309 827 1368 quam
843 1291 984 1369 proponit
998 1291 1117 1351 Notitia
1131 1292 1309 1370 dignitatum
1326 1291 1432 1370 (supra

88 1415 117 1472 p.
135 1395 225 1473 634).

130 1499 358 1558 Advocatorum
380 1499 541 1558 honoraria
562 1497 673 1557 dudum
696 1507 765 1557 ante
787 1498 862 1556 haec
884 1506 1022 1573 tempora
1047 1497 1179 1573 legitime
1205 1497 1337 1557 admissa
1363 1517 1430 1558 esse

87 1609 193 1660 notum
216 1611 273 1672 est3
298 1602 519 1678 apparitoribus
543 1609 574 1659 ut
596 1610 698 1678 partes
721 1619 775 1675 pro
799 1619 890 1677 opera
913 1598 1053 1677 quiddam
1078 1599 1231 1658 solverent
1252 1600 1349 1658 adhuc
1369 1610 1430 1660 sta·

88 1710 212 1762 tuerunt
233 1704 289 1762 viri
312 1704 391 1763 docti
413 1704 511 1763 medio
534 1703 651 1761 demum
675 1702 796 1761 saeculo
819 1703 924 1778 quinto
947 1709 1098 1778 receptum
1121 1700 1236 1778 esse1).
1274 1703 1338 1761 lam
1359 1722 1429 1761 vero

87 1825 149 1864 non
183 1797 289 1864 solum'
314 1807 456 1866 discimus
490 1805 608 1880 aliquas
635 1804 782 1863 eiusmodi
809 1804 1029 1881 praestationes
1056 1812 1136 1863 certe
1169 1804 1289 1863 saeculo
1322 1813 1428 1882 quarto

87 1908 189 1966 medio
211 1909 343 1984 legitime
369 1907 547 1979 obtinuisse,
576 1907 629 1966 sed
655 1907 747 1966 etism
775 1925 922 1982 quaenam
950 1926 1002 1964 eae
1028 1906 1140 1966 fuerint
1167 1906 1357 1983 aliquatenus
1383 1907 1427 1966 in·

86 2009 267 2088 tellegimus.

130 2111 234 2171 Causa
255 2113 458 2189 sportularum
481 2113 602 2171 diversa
623 2120 682 2184 est;
711 2112 824 2171 scilicet
846 2112 903 2169 tria
930 2113 1030 2188 capita
1056 2111 1161 2182 officii,
1188 2110 1260 2170 item
1287 2111 1425 2172 officialis

86 2223 230 2274 executor
250 2216 517 2275 remunerationem
539 2215 690 2290 accipiunt
710 2233 765 2291 pro
788 2233 823 2271 eo
845 2214 926 2289 quod
947 2214 1069 2273 mittunt
1090 2214 1299 2285 mittunturve‚
1323 2224 1427 2275 contra

87 2318 285 2378 scholasticus
307 2327 451 2394 exceptor
470 2316 640 2376 libellensis
660 2334 695 2375 eo
711 2316 829 2374 nomine
845 2316 926 2392 quod
942 2335 1063 2394 operam
1079 2325 1190 2376 navant
1206 2316 1372 2390 oramine,
1393 2318 1425 2375 hi

86 2421 260 2479 scribentes¹

127 2524 218 2582 Prius
242 2523 446 2600 sportularum
469 2540 563 2599 genus
586 2540 767 2598 quamquam
790 2522 855 2580 sine
877 2521 967 2580 dubio
990 2521 1027 2579 ad
1044 2520 1145 2580 omnia
1159 2520 1266 2578 itinera
1281 2523 1425 2599 pertinuit

86 2625 208 2684 officiali
231 2625 378 2702 praesidis
401 2633 524 2702 propter
545 2625 625 2683 litem
649 2625 796 2700 privatam
819 2623 965 2682 intranei
991 2630 1078 2682 extra
1102 2623 1253 2682 civitatem
1279 2625 1423 2701 iniuncta,

84 2729 114 2786 id
136 2727 217 2804 quod
245 2728 346 2786 multis
374 2745 412 2784 cx
439 2727 540 2786 causis
568 2726 687 2785 evenire
715 2722 828 2803 potest,¹
856 2727 931 2783 duas
958 2743 1007 2785 res
1034 2726 1223 2802 potissimum
1251 2729 1424 2803 complecti·

85 2841 147 2904 tur,
181 2831 354 2908 petitionem
383 2849 435 2888 reo
464 2827 708 2904 insinuandaml)
743 2835 772 2886 et
800 2828 1031 2904 appellationem
1062 2828 1099 2886 ad
1129 2828 1258 2887 iudicem
1279 2830 1421 2888 maiorem

84 2935 332 3008 imperatoremve
355 2931 628 3002 transmittendam
656 2932 733 2989 hanc
754 2931 830 2990 adeo
853 2937 955 3008 aperte
983 2931 1154 3008 significant
1181 2949 1259 3006 quae
1284 2932 1424 3010 leguntur

84 3054 112 3092 v.
130 3034 169 3092 20
193 3035 230 3094 de
252 3035 374 3094 officiali
397 3033 539 3093 mittendo
563 3043 645 3093 trans
669 3033 798 3110 mare3).
836 3032 897 3092 Res
919 3040 1018 3091 autem
1040 3033 1083 3091 ita
1101 3033 1263 3110 perficitur,
1286 3044 1318 3093 ut
1339 3035 1422 3111 prin-

84 3155 154 3214 ceps
176 3145 368 3196 executorem
392 3138 493 3215 aliquo
508 3135 551 3193 ire
566 3136 683 3207 iubeat;
707 3155 774 3194 nam
790 3154 867 3194 neena
884 3137 1058 3210 officialium,
1080 3136 1275 3212 imperatores
1291 3137 1420 3213 ainau),

83 3243 110 3296 in
133 3258 233 3298 manses
256 3241 378 3316 aliquod
397 3243 456 3298 nisi
473 3241 605 3315 principe
627 3243 781 3315 imperante
808 3241 945 3296 recinatur.
991 3237 1214 3298 Cornicularius
1243 3258 1361 3315 quoque
1388 3252 1421 3299 ut

83 3352 151 3418 post
172 3343 336 3418 principem
360 3331 509 3400 secundus
536 3353 595 3412 est,
622 3341 663 3398 ita
684 3339 715 3398 in
737 3351 897 3398 executore
921 3339 1064 3398 mittendo
1087 3341 1152 3398 eius
1176 3341 1294 3416 aliquae
1317 3351 1419 3416 partes

83 3463 148 3502 esse
168 3444 379 3523 potuerunt5).
417 3442 532 3502 Contra
554 3443 589 3500 de
606 3443 865 3501 commentariensi
888 3443 976 3500 aliter
997 3442 1114 3500 videtur
1137 3443 1325 3502 statuendum
1342 3463 1418 3519 esse,

82 3567 148 3606 uum
169 3564 275 3605 causas
298 3546 416 3619 civiles,
444 3545 612 3622 dequibus
634 3545 683 3603 hic
705 3546 816 3623 agitur,
845 3545 871 3602 is
895 3563 955 3603 non
977 3544 1133 3619 tractem).
1181 3544 1311 3604 Omnino
1334 3564 1419 3623 spor-

142 3803 163 3865 ¹)
181 3805 474 3870 Bahman-Hellenas
496 3801 665 3871 Oisn'lprocess
686 3807 699 3856 1
721 3821 746 3870 p.
762 3805 823 3855 159.
845 3803 860 3853 3
879 3819 905 3869 p.
918 3805 979 3854 200.
1023 3802 1100 3865 Quod
1120 3803 1187 3853 tradi
1205 3805 1271 3854 solet
1290 3804 1416 3856 Constan-

82 3899 160 3948 tinum
184 3897 310 3962 Magnum
334 3898 461 3963 sportulas
485 3911 574 3948 omnes
598 3897 722 3960 vetuisse,
752 3913 784 3946 ex
808 3897 989 3946 constitutione
1009 3910 1032 3946 a.
1044 3896 1096 3947 331
1119 3895 1210 3946 C.Th.
1227 3897 1337 3961 1,16,7
1362 3913 1416 3948 nou

81 4000 148 4040 reete
166 3991 316 4054 effeceruut;
346 4005 406 4042 nam
425 3991 473 4040 etsi
491 3990 634 4054 apparitori
660 4005 690 4039 eo
714 3996 829 4052 tempore
854 4003 907 4039 nou
931 3989 1003 4038 licuit
1020 3989 1155 4054 pecuniam
1180 3991 1284 4053 exigere
1306 4005 1353 4054 pro
1376 3991 1415 4040 in·

79 4099 163 4148 gressu
182 4085 214 4134 nd
233 4084 379 4148 praesidem
398 4098 444 4133 nec
467 4082 549 4147 magis
573 4089 676 4148 propter
700 4082 850 4132 tradendam
870 4082 1023 4132 senteutiam
1049 4095 1065 4130 a
1088 4082 1205 4146 praeside
1230 4082 1328 4145 datam,
1353 4082 1415 4132 inde

82 4192 134 4226 non
152 4176 265 4242 requitur
284 4175 368 4226 nullas
386 4177 493 4225 omnino
513 4175 641 4239 sportulas
665 4187 696 4224 so
720 4181 835 4239 tempore
858 4181 961 4223 exactas
987 4188 1051 4223 esse.
1093 4174 1219 4224 Neutrum
1243 4175 1412 4240 sportularum

80 4284 158 4332 genus
175 4270 270 4319 Iuliani
291 4274 374 4318 aetate
392 4268 490 4318 licitum
509 4267 587 4317 luisse
607 4283 639 4317 ex
658 4268 708 4318 hoc
727 4267 811 4317 edicto
835 4265 890 4316 iure
913 4265 1075 4330 colligemus3
1100 4273 1189 4331 postea
1208 4274 1343 4332 utrumqne
1367 4267 1412 4317 ad-

80 4362 183 4412 missum
200 4367 248 4412 est.

136 4451 158 4515 ²)
176 4453 227 4506 Res
246 4459 317 4504 nota.
355 4452 646 4517 Bethmeun-Hollweg
665 4453 681 4504 3
701 4467 726 4516 p.
740 4453 802 4502 201.

134 4543 157 4607 ²)
176 4547 205 4598 O.
220 4547 270 4596 Th.
287 4548 331 4608 11,
352 4546 395 4608 30,
416 4547 450 4596 29
472 4560 496 4594 a.
510 4543 562 4595 302
588 4545 622 4595 ad
641 4545 763 4594 ricarium
783 4543 867 4594 urbis:
894 4543 1078 4610 appellationes
1177 4557 1229 4592 enm
1253 4541 1411 4608 equitatoriis

74 4637 187 4704 pambus
206 4675 213 4688 .
229 4673 257 4688 ..
283 4636 318 4687 ad
336 4645 446 4689 nostrum
469 4637 611 4687 comitatum
634 4637 763 4685 minantur
786 4643 884 4686 urenae
909 4635 1028 4687 videlieet
1051 4635 1158 4702 (es'ficiali
1180 4649 1210 4684 en
1233 4633 1274 4685 tte
1296 4637 1341 4702 pai
1363 4634 1411 4685 titt

72 4737 162 4796 parent
180 4729 216 4780 ael
234 4729 299 4780 lanc
318 4727 512 4780 sollicitudinem
530 4728 615 4790 eleeto,
636 4731 674 4778 ita
694 4735 720 4778 nt
740 4765 768 4778 ..
789 4727 843 4777 dies
862 4745 909 4794 qao
928 4727 1024 4794 perulis
1046 4735 1119 4796 perta
1142 4726 1278 4778 tradantur
1296 4726 1409 4794 fideliter

78 4821 221 4888 desipnener.
260 4822 302 4872 cf.
321 4823 339 4872 l.
354 4823 387 4872 31
408 4823 522 4872 eiusdem
542 4822 610 4870 tituli
630 4828 655 4870 et
675 4823 699 4883 8,
721 4823 764 4883 11,
784 4821 810 4871 4.

129 4913 153 4976 ⁴)
172 4915 202 4967 0.
217 4915 267 4966 Th.
289 4915 314 4976 6,
336 4913 379 4976 28,
403 4917 416 4963 1
437 4929 460 4964 a.
475 4913 538 4965 379.
576 4915 648 4964 Idem
669 4913 831 4964 constituitur
850 4913 868 4963 l.
883 4911 908 4961 3.
929 4913 954 4962 4.

129 5006 151 5067 ⁵)
170 5007 459 5072 Bethmann-Hollweg
478 5007 495 5056 l.
510 5023 531 5056 c.
552 5021 577 5071 p.
593 5007 654 5057 145.

129 5095 152 5160 ⁸)
171 5099 244 5150 Idem
263 5099 281 5150 l.
296 5114 318 5150 e.
337 5115 363 5164 p.
379 5099 439 5150 147.
