3628 5954
791 479 1063 530 ADDITAMENTA
1092 479 1175 530 ΥΟΕ.
1195 479 1239 529 ΙΙΙ

926 827 1106 902 ASIA.

565 1044 823 1106 raocnlnns
845 1047 909 1106 sive
932 1044 1142 1105 ramorum
1168 1044 1317 1122 (raram)
1345 1045 1388 1121 (p.
1405 1043 1469 1119 sa).

351 1233 397 1293 97
425 1233 553 1291 Kaimaz
577 1234 606 1290 in
630 1233 753 1292 aedibus
776 1233 911 1310 privatis.

979 1349 1011 1377 tl
1259 1371 1266 1380 ,

756 1440 796 1487 lep.
818 1331 1320 1520 ...mamilli
1348 1435 1382 1474 r'ce

823 1507 1335 1580 PROCNAMMMM

823 1639 1087 1684 cercurvru
1129 1623 1339 1682 rutilii

628 1747 640 1785 s
683 1727 1335 1785 aarum...lrmacn0·nrrttrn1·mn

885 1843 1122 1884 Tvvme

352 1949 620 2008 Domaszewslrius
643 1958 673 2007 et
695 1967 751 2028 ego
773 1947 989 2024 descripsimus
1013 1946 1051 2004 ad
1072 1954 1221 2023 ectypum.

396 2049 582 2126 Truenn[d]ea
604 2052 754 2110 ethnicum
775 2049 853 2108 redit
874 2049 904 2106 in
927 2047 1022 2106 altero
1044 2048 1074 2105 in
1097 2048 1231 2107 eiusdem
1254 2047 1358 2126 oppidi
1381 2049 1557 2106 coemeterio
1584 2068 1603 2106 a
1624 2047 1688 2106 Do-

351 2152 555 2211 maszewskio
576 2153 726 2228 descripto
748 2153 820 2210 hoc:

797 2287 1160 2331 eruerentur
1216 2293 1245 2338 ην
1297 2288 1330 2328 ne

809 2390 908 2431 ἨΝ
953 2362 1280 2442 temnunt-irae

782 2492 1057 2550 γνΝΑικΑ
1098 2478 1282 2552 τοῦκρα

792 2513 1269 2793 Ώιῑτογεηνρέπου

815 2675 1126 2738 τκοκΝΑδες

393 2811 561 2904 Τροκνιίδων
577 2818 717 2880 Galatiae
740 2819 882 2880 salutaris
906 2819 970 2878 sive
992 2817 1150 2892 secundae,
1173 2819 1258 2878 cuius
1274 2819 1446 2897 metropolis
1462 2820 1607 2880 Pessinus
1620 2821 1690 2893 fuit,

352 2923 543 3000 episcopatus
559 2921 644 2982 adest
659 2924 689 2982 in
705 2923 819 2981 notitiis
835 2922 1058 3000 episcopatuum
1075 2920 1103 2996 (l
1121 2942 1149 2979 n.
1163 2919 1233 2994 277,
1250 2922 1267 2980 8
1283 2941 1311 2980 n.
1327 2921 1397 2995 330,
1415 2922 1432 2981 9
1448 2942 1477 2981 n.
1491 2922 1550 2981 239
1566 2923 1689 2999 Parth.)

352 3026 427 3083 etin
443 3024 713 3102 subscriptionibus
729 3023 920 3084 conciliorum
937 3022 1047 3080 adlatis
1062 3041 1081 3080 a
1092 3022 1291 3100 Wesselingio
1309 3023 1360 3098 (ad
1371 3023 1542 3083 Hieroclem
1557 3045 1587 3102 p.
1601 3023 1690 3100 698),
1780 3071 1784 3078 .

352 3125 442 3203 idque
464 3126 641 3186 vocabulum
663 3127 757 3186 latere
772 3125 847 3185 vidit
860 3123 1039 3184 Holstenius
1055 3125 1132 3201 apud
1149 3124 1319 3184 Hieroclem
1336 3143 1365 3201 p.
1379 3125 1438 3186 698
1454 3126 1484 3184 in
1500 3125 1603 3185 eadem
1619 3144 1690 3203 pro-

352 3229 450 3288 vincia
471 3236 673 3288 recensentem
693 3228 836 3307 oppidum
849 3217 1076 3302 Ῥεγετυακάδη.
1113 3223 1172 3284 Ubi
1188 3225 1288 3300 luerit,
1310 3245 1387 3287 nunc
1401 3228 1591 3305 intellegitur.
1626 3225 1691 3288 Sed

352 3331 433 3408 quod
455 3331 551 3391 adhuc
572 3339 741 3390 statuerunt
761 3330 802 3389 ibi
824 3329 917 3389 fuisse
936 3329 1090 3404 antiquam
1105 3327 1287 3389 Tricomiam
1304 3339 1497 3388 memoratam
1513 3329 1691 3390 Ptolemaeo

353 3434 382 3491 in
406 3433 541 3511 Phrygia
562 3450 673 3510 magna
695 3432 739 3509 (5,
755 3431 784 3505 2,
800 3429 854 3507 22)
878 3441 907 3490 et
927 3432 971 3490 ita
992 3431 1170 3490 collocatam
1192 3432 1223 3490 in
1245 3432 1347 3492 tabula
1368 3431 1603 3508 Peutingerana:
1625 3433 1691 3490 Do·

353 3535 425 3592 rileo
445 3567 486 3577 —
507 3534 663 3595 XXVIII
682 3569 718 3580 -—
742 3534 840 3594 Mt'dco
864 3567 902 3577 -
926 3532 1078 3593 XXVIII
1098 3566 1135 3576 -
1156 3533 1297 3592 Tricoatie
1313 3568 1352 3578 -
1368 3533 1452 3591 XXI
1470 3566 1512 3576 —
1526 3533 1690 3604 Pcaiaunte,

353 3656 420 3696 cum
442 3637 620 3715 praesertim
642 3638 719 3696 inter
741 3635 828 3696 sedes
850 3636 1039 3712 episcopales
1062 3635 1216 3695 Tricomia
1236 3637 1310 3695 haec
1331 3655 1391 3696 non
1414 3643 1594 3714 compareat,
1617 3635 1691 3695 item

353 3739 539 3798 retinendum
562 3748 608 3798 cst
630 3739 805 3815 videturque
827 3739 969 3816 oppidum
992 3737 1107 3796 duobus
1129 3737 1300 3798 nominibus
1323 3747 1352 3798 ct
1367 3735 1510 3797 Galatica
1526 3745 1555 3796 et
1571 3734 1692 3796 Graeco

353 3859 439 3900 usum
466 3859 541 3901 csse.
589 3841 640 3900 Ad
665 3841 849 3917 provinciam
876 3839 958 3917 qnod
985 3841 1104 3913 attinet,
1132 3841 1254 3900 meliore
1280 3846 1377 3898 aetate
1400 3839 1550 3916 Phrygiae
1579 3839 1692 3898 linibus

354 3944 599 4020 comprehensum
621 3943 716 4002 fnisse
738 3952 768 4002 et
790 3941 984 4002 Ptolemaeus
1011 3942 1142 4002 ostendit
1166 3950 1196 4001 et
1221 3941 1326 4001 titulus
1351 3941 1393 4000 ibi
1419 3949 1557 4018 repertus
1582 3962 1611 3999 n.
1628 3941 1691 4000 348

349 4044 580 4124 pro(ccratoria)
599 4043 796 4121 promuscide)
820 4043 991 4121 nequae»
1024 4045 1143 4105 labente
1171 4063 1246 4104 aevo
1270 4042 1410 4104 Galatiae
1437 4043 1602 4103 accessisse
1630 4042 1692 4101 leci

353 4167 445 4226 supra
466 4147 558 4206 adlati
580 4147 741 4207 declarant.
776 4181 814 4191 -
849 4144 988 4205 Ceterum
1012 4154 1140 4207 statuam
1162 4146 1240 4206 hanc
1269 4145 1458 4223 magistratui
1487 4145 1606 4204 cuidam
1627 4143 1693 4204 Ro-

354 4269 443 4309 mano
464 4248 638 4310 Trocuades
667 4257 719 4308 ant
745 4267 811 4308 cnm
838 4248 906 4307 aliis
934 4257 1099 4326 posueruut
1130 4257 1183 4306 aut
1209 4248 1245 4306 ud
1275 4248 1425 4307 ethnicum
1457 4247 1604 4324 quaedam
1638 4246 1694 4304 ad·

355 4351 544 4427 scripserunt
570 4371 676 4430 parum
703 4351 774 4410 mihi
802 4351 966 4423 intellecta,
997 4369 1050 4408 noc
1077 4351 1172 4426 magis
1201 4351 1341 4428 intellego
1370 4349 1450 4426 qnod
1478 4348 1612 4409 Graecus
1640 4349 1693 4424 qui

356 4453 437 4529 operi
461 4454 570 4513 institit
591 4453 628 4512 ad
651 4471 736 4512 snum
759 4471 865 4512 nomen
887 4453 1055 4529 adscripsit.

762 4794 956 4857 NAOOLIA
979 4796 1129 4874 Phrygiae
1153 4795 1196 4873 (p.
1214 4793 1278 4872 62).

355 4949 402 5010 98
424 4953 463 5012 ad
486 4973 514 5012 n.
531 4953 601 5012 350.
644 4951 834 5030 Descriptam
857 4953 939 5011 misit
961 4954 1105 5030 Ramsay.
1130 4986 1168 4995 -
1193 4953 1209 5010 7
1234 4953 1308 5032 legit
1329 4966 1576 5011 vnasxactoat’n.

355 5143 403 5202 99
426 5145 464 5202 ad
486 5165 515 5203 n.
533 5146 602 5204 351.
647 5143 836 5224 Descriptam
861 5147 944 5204 misit
965 5145 1053 5205 idern.
1078 5177 1117 5190 —
1141 5145 1159 5205 2
1181 5145 1254 5222 legit
1276 5161 1314 5203 et
1361 5159 1411 5217 ct,
1439 5144 1490 5202 ‘It
1520 5160 1573 5203 το.
