3524 5932
391 602 691 657 ossaevnrronss
718 603 1001 656 esrcenrnrcns.
1298 583 1369 655 633

45 784 97 834 tans
123 777 226 850 luisse,
255 779 457 837 uerisimiliter
481 777 582 839 Cirtae
610 778 648 836 ad
677 779 808 837 tribunal
835 777 1000 856 praesidis,
1029 778 1099 837 inde
1127 787 1248 836 curante
1271 776 1375 834 ordine

46 877 289 957 Thamugadensi,
313 881 377 940 sive
398 883 484 940 iussu
505 881 654 960 praesidis
675 882 737 941 sive
753 882 872 940 decreto
887 880 1033 958 ipsorum,
1055 881 1129 940 haec
1144 879 1294 955 descripta
1308 897 1375 938 esse

46 991 71 1038 et
84 981 268 1059 Thamugadi
292 983 321 1041 in
345 983 411 1042 foro
433 985 597 1061 proposita.
635 983 725 1058 Quod
746 985 771 1042 si
795 984 924 1059 quaeris,
948 984 987 1041 ad
1002 983 1082 1058 quod
1097 1000 1192 1058 genus
1207 981 1374 1040 iussionum

45 1085 109 1140 haec
135 1085 299 1160 pertineat,
333 1085 406 1145 mihi
441 1087 556 1144 ridetur
586 1086 689 1144 edictis
722 1087 950 1164 magistratuum
979 1085 1167 1144 adnumerari
1195 1085 1302 1144 debere
1328 1084 1377 1142 vel

46 1195 115 1243 certe
147 1187 185 1246 ad
219 1207 255 1246 ea
287 1189 423 1264 proxime
456 1187 604 1248 accedere.
670 1187 748 1246 Nam
782 1197 814 1244 ut
847 1188 985 1247 solebant
1024 1187 1146 1246 meliore
1184 1195 1295 1258 aetate,
1333 1187 1376 1245 ita

46 1287 152 1345 labente
178 1307 298 1365 quoque
321 1291 531 1369 magistratus,
558 1291 687 1348 maxime
714 1299 874 1367 antequam
902 1290 1024 1362 inirent,
1054 1290 1090 1348 de
1117 1289 1376 1348 administratione

48 1389 169 1448 edixisse
203 1392 388 1469 intellegitur
415 1413 453 1453 ex
482 1395 547 1471 lege
575 1392 736 1451 Iustiniani
766 1412 841 1470 quae
869 1393 1033 1469 epitomata
1056 1391 1233 1468 superest¹)
1263 1412 1270 1448 :
1295 1391 1318 1448 ai
1340 1383 1376 1446 τὰ

48 1481 226 1568 διατάγματα
252 1486 412 1564 κομίζοντες
439 1496 495 1553 raia
522 1485 681 1562 μελλᾶντων
710 1483 815 1578 ἄρχειν
841 1490 986 1566 πολιτικὴν
1012 1484 1030 1566 ἢ
1055 1488 1256 1576 στρατιωτικὴν
1279 1487 1376 1574 ἀρχὴν

48 1584 189 1653 δεκαπέντε
210 1587 313 1662 μένους
334 1591 466 1680 masaia
488 1595 519 1655 iu
540 1598 592 1667 τῆς
613 1589 760 1680 ἐπαρχίας
778 1588 1010 1667 κομιζέσθωσαν.
1040 1598 1106 1656 Iam
1123 1616 1190 1655 cum
1206 1597 1272 1672 ipsa
1288 1597 1379 1654 verba

47 1697 204 1772 significent
226 1698 361 1758 ordinem
385 1699 574 1758 salutationis
597 1719 615 1758 a
637 1699 818 1757 Marisciuno
841 1699 953 1758 facturn
977 1717 1042 1758 esse
1064 1707 1093 1757 et
1115 1699 1235 1758 iubente
1258 1718 1294 1758 eo
1321 1718 1375 1775 pu·

47 1798 114 1858 bllce
134 1803 320 1876 propositum
345 1803 373 1859 in
390 1803 494 1884 tabula
510 1820 607 1876 aerea,
630 1802 780 1877 quomodo
796 1801 825 1858 id
842 1802 985 1877 perficere
1001 1803 1133 1880 potuerit
1147 1802 1203 1860 nisi
1221 1801 1376 1873 edicendo,

48 1901 172 1975 equidem
195 1921 256 1961 non
278 1904 440 1982 perspicio,
463 1922 643 1981 quamquam
664 1923 767 1962 verum
791 1913 917 1961 estnon
938 1906 1031 1963 verba
1051 1906 1081 1962 in
1098 1903 1203 1962 edictis
1219 1904 1378 1962 sollemnia

48 2002 102 2076 (illa
122 2004 204 2080 dicit)
231 2007 419 2086 praescripta
441 2024 522 2078 esse,
549 2008 603 2065 scd
625 2023 713 2081 quem
735 2025 802 2063 earn
824 2025 886 2064 rem
909 2023 1031 2083 praeses
1059 2025 1165 2064 curare
1191 2007 1321 2065 iusserat
1345 2007 1377 2064 id

48 2107 119 2180 quod
141 2107 266 2184 legimus
290 2109 535 2185 praescripsisse.
587 2106 666 2169 Sane
688 2127 764 2184 quse
791 2109 820 2166 in
844 2108 1102 2168 administratione
1130 2115 1285 2167 secuturus
1314 2121 1378 2176 erat

49 2227 107 2266 curn
139 2211 169 2267 in
197 2211 343 2287 sportulis
376 2211 470 2270 litium
501 2219 531 2269 et
558 2211 770 2270 advocatorum
800 2211 969 2269 honorariis
997 2211 1225 2282 constituendis,
1252 2221 1313 2270 tum
1342 2211 1379 2270 de

50 2311 142 2369 ordine
164 2312 315 2370 salutandi
338 2331 517 2389 quamquam
541 2314 578 2372 ad
601 2313 745 2371 officiales
761 2313 949 2389 potissimum
967 2315 1116 2389 pertinent
1133 2313 1178 2390 (id
1194 2313 1272 2372 enim
1288 2315 1378 2372 etiam

50 2413 80 2471 de
91 2414 267 2474 salutatione
279 2415 414 2474 obtinere
430 2415 478 2475 vel
496 2414 565 2474 inde
580 2414 773 2492 intellegitur,
790 2415 871 2490 quod
892 2425 1015 2493 propter
1031 2417 1192 2480 commissa
1207 2435 1243 2474 eo
1259 2416 1379 2475 nomine

50 2517 169 2575 cilicium
192 2516 383 2593 potissimum
407 2515 604 2592 multatur²)‚
630 2521 700 2576 item
724 2517 833 2576 civium
856 2518 988 2576 omnium
1013 2519 1155 2578 intererat
1175 2537 1278 2590 nosse;
1305 2538 1378 2595 qua·

50 2629 162 2696 propter
184 2639 243 2680 non
266 2621 329 2679 sine
355 2620 465 2679 idonea
490 2638 582 2679 causa
607 2621 683 2678 haec
708 2629 739 2678 et
765 2620 831 2697 ipse
857 2620 976 2696 publice
1002 2621 1129 2697 proponi
1154 2621 1244 2681 iussit
1269 2628 1299 2679 et
1325 2642 1380 2698 per

51 2722 178 2780 civitates
211 2720 371 2780 Numidiae
406 2722 598 2799 magistratus
631 2721 768 2781 similiter
799 2721 1036 2798 publicaverunt.
1090 2722 1230 2782 Ceterum
1263 2731 1378 2784 tantum

51 2824 136 2895 abest,
159 2835 190 2882 ut
211 2844 267 2884 suo
288 2825 411 2884 arbitrio
430 2825 630 2884 Mariscisnus
653 2825 850 2882 haecomnia
875 2826 1065 2885 constituisse
1087 2826 1306 2884 existimandus
1330 2827 1379 2899 sit,

51 2937 77 2984 nt
97 2927 160 2984 sinc
182 2927 273 2986 dubio
295 2927 437 3004 pleraque
459 2937 539 2986 certe
561 2927 599 2984 ad
621 2927 668 2986 ius
687 2945 843 2985 commuue
861 2928 1015 3001 ordinarit,
1037 2947 1101 2988 cum
1119 2929 1294 3004 praesertim
1312 2930 1379 3006 ipse

52 3029 152 3087 adiciat
173 3040 203 3088 at
222 3033 424 3107 perpetuitatis
445 3034 607 3090 memoriam
627 3029 701 3087 haec
722 3029 822 3088 incidi.

88 3131 166 3190 Olim
189 3133 269 3208 quod
291 3144 442 3211 receptum
469 3139 516 3192 est
538 3132 616 3210 apud
638 3131 791 3190 Romanos
817 3150 876 3190 non
905 3133 1073 3208 promiscue
1100 3133 1300 3211 provinciales
1329 3134 1381 3192 ad·

52 3233 205 3294 mittendos
235 3251 303 3294 esse
332 3235 369 3292 ad
398 3234 553 3314 praesides
581 3234 740 3310 complexu
766 3235 881 3294 scilicet
908 3249 937 3292 et
963 3235 1066 3294 osculo
1097 3235 1313 3312 salutandos³)
1341 3245 1381 3309 et,

52 3337 124 3410 qaod
146 3356 213 3395 cum
237 3356 273 3395 ea
294 3357 326 3396 re
348 3339 535 3397 coniunctum
558 3337 623 3409 tuit,
646 3337 684 3395 ad
703 3336 951 3396 introductionem
965 3337 997 3395 in
1012 3337 1179 3396 cubiculum
1195 3356 1296 3396 eorum
1312 3357 1382 3396 con·

52 3439 271 3517 sessumque⁴),
299 3441 330 3499 id
353 3449 458 3516 postea
482 3458 600 3517 quoque
627 3439 774 3498 mansisse
802 3440 1029 3499 constitutiones
1057 3440 1158 3517 plures
1184 3439 1381 3514 testantur5).

53 3537 202 3612 Quomodo
224 3551 322 3602 autem
345 3553 452 3619 quarto
475 3541 597 3601 saeculo
620 3559 668 3598 res
691 3541 901 3600 administrata
923 3543 977 3613 sit,
1005 3544 1075 3600 ordo
1098 3543 1278 3601 salutationis
1300 3542 1381 3600 Tha-

52 3645 162 3722 mugadi
184 3656 322 3722 repertus
349 3645 430 3704 clara
454 3645 520 3704 luce
545 3644 692 3715 illustrat,
718 3663 895 3721 quamquam
922 3645 948 3702 ei
976 3644 1034 3702 luci
1062 3663 1121 3703 non
1149 3664 1254 3720 parum
1282 3643 1382 3702 hiatus

53 3745 178 3806 eliciunt
199 3755 332 3806 tenorem
356 3747 536 3824 praescripti
557 3747 808 3822 interrumpentes
831 3766 927 3824 noque
953 3746 1014 3805 ullo
1043 3748 1132 3805 modo
1159 3755 1241 3805 certa
1267 3747 1383 3805 ratione

53 3849 199 3926 expleudi3
221 3859 267 3909 est
288 3850 366 3909 enim
390 3850 518 3909 edictum
540 3868 594 3909 suo
616 3867 723 3926 genere
746 3850 863 3908 unicum
886 3859 916 3908 et
937 3851 1014 3909 iuter
1036 3849 1224 3925 antiquitatis
1241 3849 1382 3926 reliquias

55 3953 94 4008 sui
115 3962 228 4012 tantum
251 3953 358 4012 simile.

107 4191 129 4256 ¹)
150 4195 180 4245 C.
193 4193 256 4244 Iust.
271 4195 297 4256 3,
312 4195 337 4258 1,
352 4197 377 4244 2.
417 4193 590 4246 Conferantur
607 4195 735 4260 Ulpianus
754 4194 814 4260 Dig.
832 4197 855 4256 1,
872 4195 954 4256 aas,
973 4194 1003 4257 33
1024 4193 1204 4244 Cassiodorius
1224 4208 1277 4243 var.
1294 4195 1336 4255 11,
1358 4193 1383 4243 8.

107 4283 1385 4351 ucmamnemm=emmmmemmacmemm

107 4375 130 4440 ³)
150 4379 255 4429 Tacitus
274 4393 335 4429 ann.
351 4379 394 4441 lb,
409 4379 456 4429 31:
476 4395 542 4430 ae..
561 4377 691 4429 Tiridates
710 4378 892 4446 ...complere
909 4377 1058 4443 prouincias
1077 4375 1237 4429 obtinentium
1256 4383 1386 4427 arceretur

50 4468 174 4528 seribusre
196 4487 279 4522 eorum
304 4469 446 4522 adsisteret.
486 4473 550 4522 Vita
569 4471 656 4524 Severi
677 4487 698 4522 c.
714 4473 744 4521 2:
768 4473 795 4520 in
820 4471 943 4538 lepatione
968 4469 1048 4536 (apud
1072 4469 1251 4535 proconsulem
1270 4467 1386 4530 Africae)

57 4579 102 4610 rum
121 4579 172 4613 sum
192 4563 293 4630 quidam
312 4565 461 4631 municipum
477 4579 577 4614 suorum
595 4561 747 4630 Leptitanus
760 4561 971 4630 praecedentibus
986 4561 1106 4628 fascibus
1130 4569 1156 4612 ut
1176 4562 1303 4628 critiquum
1328 4577 1385 4612 cors-

57 4651 199 4706 tubernalem
217 4658 272 4723 ipse
287 4654 402 4723 plebeius
421 4655 550 4724 amplexus
569 4663 638 4718 esset,
652 4653 767 4721 fustibus
783 4671 835 4706 eum
849 4653 893 4706 sub
906 4655 988 4722 elapio
999 4691 1005 4706 .
1018 4691 1042 4704 ..
1062 4653 1169 4705 eiusdem
1183 4655 1239 4716 (scr.
1254 4653 1385 4718 eiusmodi)

53 4751 181 4810 praeconis
200 4747 305 4799 cecidit.-
323 4743 444 4816 ‘lepatum
461 4748 553 4816 populi
570 4747 679 4799 diamani
696 4747 766 4799 bomo
782 4747 898 4815 plebeius
917 4754 1003 4799 temere
1022 4747 1141 4814 amplecti
1158 4737 1232 4797 aali'.

109 4840 131 4902 ⁴)
157 4842 292 4906 Significat
311 4843 338 4891 id
357 4843 470 4904 Tacitus,
491 4841 625 4891 enuntiant
644 4842 839 4892 constitutiones
859 4839 977 4903 (admi).

110 4931 132 4994 ⁵)
152 4933 181 4984 C.
195 4935 246 4985 Th.
267 4933 292 4994 6,
314 4935 356 4995 23,
380 4937 407 4984 1:
437 4935 464 4984 in
487 4932 631 4984 salutandis
654 4929 909 4984 administratoribus.
958 4930 983 4994 6,
1005 4933 1048 4994 26,
1069 4933 1098 4982 b:
1127 4931 1153 4980 iu
1178 4933 1261 4982 sacris
1285 4933 1389 4982 scriniis

21 5023 22 5026 ’
58 5029 143 5074 rustris
161 5026 296 5076 militantes
313 5025 442 5077 ordinarii
459 5025 556 5076 iudices
575 5043 592 5075 a
610 5025 831 5076 salutatiouencu
850 5031 963 5075 arceant.
1002 5025 1027 5086 6,
1042 5025 1085 5086 28,
1101 5023 1130 5073 ὃς
1149 5024 1176 5073 ia
1194 5023 1390 5074 salutationibus

59 5117 158 5168 ledarum
176 5117 379 5185 consessibueque
396 5119 498 5186 priores
516 5133 558 5168 eas
642 5133 694 5168 csse
708 5119 890 5186 praecipimus.
926 5119 968 5180 12,
984 5118 1008 5177 1,
1032 5117 1096 5166 109:
1118 5115 1227 5166 osculum
1241 5131 1336 5183 quoque
1348 5113 1389 5166 bis

23 5259 25 5284 z
60 5211 81 5256 in
96 5213 229 5276 prorius-ia
247 5209 411 5262 iudicantium
432 5219 456 5262 et
475 5225 605 5262 consessus
623 5209 737 5261 indultus
756 5212 796 5260 sit.
836 5209 978 5260 Cod.1ust.
995 5209 1076 5272 1‚4s,
1093 5208 1117 5259 ³.
1157 5209 1197 5260 Oi.
1213 5207 1388 5260 Gothofredus

24 5302 319 5380 3mcmean

25 5399 28 5506 l
134 5410 172 5470 v.
1144 5413 1180 5470 tt
