3628 5954
656 453 861 506 AEGYPTVS.
1396 439 1417 507 5

890 557 1412 571 muna-u—

22 861 23 864 *
427 774 729 838 HEROONPOLIS
753 776 1065 854 (Tell-cl-Muacdcta).

22 869 23 908 l

91 955 125 1014 11
143 954 261 1030 rcupltlp
283 953 434 1013 acrutcdcd
453 973 490 1012 on
511 973 531 1012 α
551 954 635 1012 white
656 964 744 1026 atoue,
767 954 1054 1016 Tell-el-Maschuta
1074 975 1168 1036 prope
1187 955 1352 1036 lsma'iliye
1374 957 1412 1016 ad

22 1057 23 1110 l
126 1056 313 1115 occidentem.

553 1180 556 1190 ·
675 1156 810 1202 tocoo

675 1258 772 1301 PORT
805 1269 815 1292 δ

705 1362 776 1406 ERO

672 1464 814 1508 CASTRA

736 1571 750 1604 a

22 1761 23 1788 ,
86 1710 192 1770 lievilla
214 1707 364 1786 Academp
386 1727 415 1767 n.
432 1707 493 1770 566
518 1707 628 1786 (1883)
651 1708 768 1786 p.176.

22 1789 23 1830 ³
123 1815 132 1868 l
158 1831 245 1870 mauu
267 1813 390 1871 diversa
411 1813 539 1888 scriptus
563 1820 618 1871 est.
643 1845 681 1854 -
705 1809 871 1888 2port[ua]
891 1810 1021 1872 Naville.
1046 1845 1084 1856 -
1107 1815 1156 1872 Ad
1170 1815 1313 1892 oppidum
1328 1817 1408 1893 quod

87 1915 281 1992 appellabatur
301 1905 410 1996 Ἡρώων
431 1905 513 1976 πόλις
534 1913 676 1992 Aegypti,
699 1914 768 1973 item
790 1904 863 1994 ‘Hpai
886 1912 945 1990 (sic
963 1911 1134 1991 Stephanus
1150 1916 1314 1994 Byzantius
1337 1937 1362 1977 s.
1379 1940 1407 1978 v.

85 2027 108 2075 et
125 2017 307 2076 itinerarium
323 2015 468 2077 Antonini
490 2035 518 2092 p.
534 2016 593 2074 170
615 2025 646 2075 et
667 2016 746 2093 lapis
769 2016 916 2074 miliarias
937 2017 1016 2076 infra
1037 2037 1065 2078 n.
1085 2019 1136 2094 18)
1159 2019 1210 2094 qui
1226 2019 1299 2079 haec
1315 2023 1409 2080 scari-

84 2121 171 2195 phavit
192 2139 263 2179 num
287 2119 420 2178 indicare
443 2117 570 2178 voluerit
591 2138 628 2178 eo
649 2102 788 2195 tempore
798 2127 917 2195 portum
932 2128 962 2178 et
976 2129 1075 2178 castra
1089 2120 1192 2193 fuisse,
1214 2121 1333 2182 dubium
1350 2133 1405 2183 est.

85 2223 166 2300 ,idagia
186 2222 333 2300 cogitavit
357 2221 395 2280 de
415 2229 503 2299 portu
532 2241 601 2279 vere
630 2221 778 2280 maritimo
800 2221 931 2280 Arsinoe
961 2222 1025 2280 sire
1048 2221 1203 2300 clysmate
1230 2223 1273 2299 (v.
1295 2227 1406 2302 n.18);

85 2342 248 2402 quamquam
271 2323 311 2382 ab
326 2323 511 2402 Heroonpoli
533 2343 599 2382 cum
614 2323 700 2384 fossa
714 2323 835 2382 duceret
849 2323 887 2383 ad
902 2331 1021 2401 portum
1036 2345 1113 2398 eum,
1138 2323 1247 2386 Strabo
1262 2326 1326 2401 (16,
1343 2327 1403 2400 4,4

85 2447 107 2502 p.
119 2425 185 2502 tot)
207 2427 246 2486 ab
270 2425 325 2485 illo
348 2425 459 2504 oppido
481 2427 525 2485 ait
546 2425 637 2486 maris
660 2425 782 2486 Arabici
804 2425 883 2485 latus
904 2425 1089 2487 occidentale
1110 2427 1252 2506 incipere.

587 2873 753 2938 coruus
777 2873 887 2954 (rufa).

85 3063 114 3123 15
134 3067 201 3124 duaa
220 3069 338 3143 pierres
361 3065 473 3124 carrdea
496 3083 529 3124 ec
551 3064 661 3124 buccltc
681 3067 748 3124 noir
769 3065 848 3124 altae
868 3074 943 3124 cent.
957 3065 1007 3136 36,
1030 3065 1109 3124 latae
1130 3071 1205 3126 cent.
1223 3066 1272 3139 30,
1294 3067 1404 3127 litteris

116 3167 178 3228 altis
199 3187 225 3228 c.
245 3171 271 3226 1.
312 3168 374 3226 Eas
391 3165 480 3244 Copti
503 3187 541 3226 m.
563 3167 673 3226 Martio
694 3186 721 3226 a.
741 3165 819 3226 1883
842 3169 973 3245 repperit
987 3169 1130 3244 Maspero
1152 3170 1307 3228 enecatre'ca
1329 3173 1403 3230 daus

115 3271 137 3326 la
161 3289 223 3330 mur
248 3271 390 3329 arteriam
419 3271 487 3328 d'uu
515 3271 612 3347 e'da'sicc
638 3269 712 3329 aime'
737 3287 788 3329 aur
812 3269 837 3327 lc
856 3271 957 3345 sorum
984 3272 1019 3329 dc
1045 3271 1075 3329 la
1100 3271 1181 3342 oilla,
1215 3290 1403 3348 nequaquam

116 3372 241 3446 luccen,
264 3373 313 3432 cui
337 3372 420 3452 ipsae
441 3372 607 3432 destinatae
628 3370 756 3442 fuerunt,
779 3371 859 3430 etin
882 3389 984 3432 museo
1006 3371 1167 3433 Bulacensi
1190 3374 1355 3434 collocarit.

513 3539 648 3614 (Tectum
668 3541 731 3598 tide
748 3559 839 3616 pepp.
862 3539 957 3616 seqq.)

117 3709 231 3790 Ectypa,
254 3729 336 3788 quae
351 3709 509 3788 Masperus
532 3707 761 3768 communicavit
781 3727 849 3768 oum
864 3707 992 3767 Ernesto
1009 3707 1209 3784 Desjardinio‚
1232 3710 1304 3768 rnihi
1320 3711 1402 3770 misit

86 3809 193 3872 Carolus
217 3813 336 3874 Tissot.
385 3811 488 3871 Edidit
513 3810 694 3885 Desjardius
720 3820 835 3887 partem
860 3810 956 3868 Reduc
989 3814 1107 3887 critique
1139 3811 1285 3871 dhiatoira
1313 3823 1338 3870 ct
1367 3815 1402 3873 de

85 3913 221 3976 litta'roture
245 3915 326 3975 1883
350 3915 406 3974 Iul.
424 3915 458 3986 9,
486 3913 586 3972 omnia
608 3923 729 3990 comptae
750 3913 856 3971 raudus
879 3913 914 3970 dc
936 3911 1112 3973 l'Acude'rua'c
1139 3915 1188 3972 dea
1211 3915 1400 3991 [ascriptione

88 4015 151 4076 1883
171 4039 198 4095 p.
214 4018 287 4079 217.

118 4117 298 4198 Quamquam
321 4119 436 4180 litterae
459 4119 576 4195 aliquot
597 4117 675 4178 male
697 4125 838 4177 exaratae
860 4127 930 4176 sunt
952 4118 1008 4194 (ita
1029 4137 1083 4196 pro
1105 4135 1149 4178 sn
1172 4138 1262 4195 saepe
1282 4121 1400 4181 videtur

85 4237 139 4278 esse
152 4224 215 4299 stt),
237 4223 334 4282 nihilo
357 4221 454 4282 miuus
477 4222 566 4281 lectio
589 4226 653 4280 tota
674 4227 755 4279 certa
773 4227 819 4279 est
838 4229 868 4277 et
882 4219 1115 4280 evidentissima.
1154 4219 1314 4281 Centuriae
1329 4232 1400 4284 uota

86 4321 166 4382 ubivis
185 4325 313 4386 formam
341 4325 431 4384 habet
455 4320 570 4403 hanc>
597 4324 804 4400 antiquiorem.
854 4319 1068 4384 Centurionum
1095 4324 1216 4382 nomina
1243 4325 1273 4382 in
1298 4327 1401 4384 tabula

85 4427 166 4496 priore
185 4427 363 4505 plerumque
384 4426 550 4504 paullulum
577 4426 706 4485 eminent
734 4426 773 4483 ad
797 4426 970 4502 marginem.
1020 4427 1054 4484 lo
1078 4428 1241 4504 posteriore
1264 4429 1399 4488 clausula

85 4545 106 4582 r.
119 4526 211 4588 9-14
232 4539 303 4608 post
325 4539 442 4606 tempus
463 4529 616 4607 adscripta
637 4538 693 4599 est,
715 4528 785 4586 item
807 4529 936 4586 secundo
959 4529 1091 4588 auctario
1114 4529 1219 4588 adiecti
1241 4531 1398 4592 v.15.16.

85 4627 153 4688 inira
171 4651 221 4690 eos
243 4649 351 4692 versus
373 4631 502 4708 spatium
525 4649 651 4690 uacuum
673 4631 825 4689 remansit.
862 4627 997 4708 Linguae
1020 4631 1091 4690 vitia
1111 4631 1193 4691 nulla
1207 4632 1398 4694 inveniuntur

86 4733 187 4807 inipso
206 4734 368 4805 laterculo;
390 4735 421 4793 in
444 4735 584 4794 auctariis
607 4735 739 4793 exaratis
762 4733 882 4792 omniuo
902 4753 921 4792 a
934 4732 1028 4792 fabris
1044 4734 1142 4792 minus
1158 4733 1263 4810 peritis
1278 4742 1398 4812 praeter

86 4829 257 4896 Graecismos
281 4835 367 4908 8,10
390 4838 464 4896 lucei
485 4835 559 4908 et2,
577 4838 611 4896 11
629 4835 789 4914 Apollonos
811 4836 855 4910 (in
877 4835 997 4894 nomine
1018 4837 1139 4913 proprio
1162 4835 1235 4912 loci)
1258 4836 1330 4895 vitia
1345 4837 1398 4895 ad·

85 4935 244 5010 aunt2,14
270 4941 336 4998 idua
358 4957 414 5015 pro
436 4937 531 4998 ididae
552 4947 582 4998 et
604 4937 633 5011 8,
656 4941 693 4998 15
719 4947 844 4998 castrum
866 4939 987 4996 omuino
1014 4957 1069 5015 pro
1092 4950 1205 5008 caatrc3
1238 4939 1295 4997 hoc
1318 4940 1395 4997 enim
1442 4919 1443 4924 ἵ

86 5037 162 5098 votuit
181 5041 229 5117 qui
251 5041 373 5120 scripsit
394 5060 490 5118 neque
512 5042 676 5101 audiendus
698 5042 754 5101 erit
777 5041 803 5100 si
830 5041 880 5119 qui
909 5040 1131 5118 castram(ctuti)
1156 5040 1290 5100 simileve
1316 5061 1394 5104 cotu-

87 5141 203 5210 peudiuur
225 5145 294 5204 inde
318 5143 434 5204 elliciet.
