3524 5932
372 453 444 525 642
944 479 1131 532 urouusuu

367 648 471 707 bulum
493 651 614 708 evitarlt
636 661 666 709 et
680 652 726 710 bis
742 652 823 710 aliud
839 655 975 730 posuerit
990 673 1048 712 non
1065 653 1223 712 admodum
1239 654 1358 712 obvium
1370 654 1409 730 ¹).
1446 653 1513 712 Nec
1528 653 1622 730 magis
1634 673 1684 728 per·
1759 665 1760 690 ³

368 753 476 829 spicio,
503 773 571 812 curn
593 772 669 828 quae
692 773 746 830 pro
769 756 911 814 tribunali
933 757 963 813 in
985 757 1188 831 postulatione
1209 764 1237 814 et
1259 756 1493 815 contradictione
1515 764 1602 834 gesta
1622 768 1683 828 sunt,

366 864 467 930 partes
483 865 571 913 antea
585 856 644 914 iam
660 857 696 914 ab
713 859 922 934 exceptoribus
939 859 1090 934 descripta
1106 859 1282 934 acceperint,
1305 859 1455 934 quomodo
1472 860 1510 917 ob
1526 859 1683 918 sententian

367 959 474 1028 solam,
497 966 529 1016 ut
552 959 744 1018 admittamus
767 961 854 1018 huius
869 980 988 1037 quoque
1007 960 1219 1019 describendae
1234 971 1385 1036 sumptum
1401 962 1439 1018 ad
1454 961 1620 1040 litigatores
1632 980 1682 1038 per·

365 1062 503 1132 tinuisse,
527 1061 681 1138 impensae
704 1069 804 1120 tantae
828 1063 908 1140 exigi
932 1066 1096 1139 potuerint,
1120 1071 1247 1139 quantas
1270 1064 1397 1122 edictum
1418 1065 1512 1141 ponit.
1557 1061 1617 1122 Sed
1636 1083 1684 1121 on·

364 1164 447 1221 nium
469 1165 601 1222 maxime
624 1184 669 1222 me
692 1175 804 1238 movet,
832 1166 911 1241 quod
933 1166 976 1222 ita
997 1167 1027 1223 in
1050 1166 1146 1224 edicto
1169 1166 1257 1240 plane
1279 1166 1478 1238 desideratur,
1500 1165 1574 1242 quid
1597 1184 1683 1242 excep·

365 1267 421 1324 tori
444 1286 499 1343 pro
521 1267 626 1324 labore
648 1268 811 1344 chartaque
835 1267 1011 1326 solvendum
1035 1269 1074 1326 sit
1096 1268 1128 1326 in
1149 1286 1242 1325 causa
1271 1270 1396 1347 urgenti.
1447 1266 1547 1341 Quam
1574 1269 1612 1326 ob
1635 1287 1684 1326 rem

364 1367 539 1427 crediderim
567 1369 667 1427 verbis
691 1391 717 1428 v.
735 1370 773 1429 39
801 1374 831 1428 ia
858 1373 973 1446 definita
1000 1389 1089 1428 cuasa
1116 1371 1325 1448 similibusque
1352 1391 1379 1428 v.
1397 1372 1438 1430 44
1464 1371 1577 1448 respici
1604 1371 1635 1428 ad
1657 1390 1684 1429 ea

364 1489 441 1546 quae
463 1471 643 1546 praecedunt
665 1493 692 1530 v.
707 1473 742 1530 31
769 1477 799 1530 ia
820 1478 951 1548 urguenti
972 1491 1044 1548 quaa
1060 1473 1190 1548 finienda
1211 1478 1249 1531 sit
1270 1483 1300 1532 et
1319 1474 1518 1550 supplendum
1537 1491 1606 1532 esse
1619 1474 1686 1548 cogi·

363 1573 476 1631 tatione
498 1574 528 1631 id
550 1574 629 1650 quod
652 1584 698 1633 est
720 1579 749 1632 in
772 1579 909 1650 arpocrati.
961 1575 1007 1633 lta
1029 1583 1060 1633 et
1082 1574 1214 1634 delectus
1241 1584 1320 1634 recte
1348 1575 1487 1652 expletur
1513 1583 1543 1634 et
1570 1593 1685 1635 summae

362 1685 451 1754 aptae
473 1676 657 1747 efficiuntur3
680 1697 747 1735 nam
771 1685 803 1735 ut
825 1678 970 1735 advocato
991 1677 1022 1734 in
1042 1695 1137 1735 causa
1152 1680 1289 1755 urguenti
1304 1679 1488 1737 tantumdem
1505 1678 1595 1737 datur
1608 1696 1686 1753 quan·

362 1787 424 1836 tum
448 1779 556 1855 accipit
578 1788 701 1857 propter
723 1779 951 1856 postulationem
976 1778 1310 1856 contradictionemque,
1333 1781 1375 1838 ita
1394 1781 1548 1858 exceptori
1569 1799 1622 1856 pro
1636 1797 1685 1838 mo·

362 1881 419 1939 diis
442 1881 574 1957 quinque
596 1891 624 1938 et
648 1881 803 1940 duodecim
826 1881 984 1940 solvuntur
1006 1881 1097 1939 modii
1119 1882 1223 1958 viginti
1245 1882 1427 1959 chartaeque
1452 1882 1480 1939 ei
1502 1883 1687 1941 attribuuntur

361 2003 416 2060 pro
438 2002 498 2042 una
519 1991 709 2059 etquattuor
732 2003 796 2042 sex.
847 1983 1020 2044 Sententiae
1042 1983 1228 2061 exemplaria
1248 2003 1284 2043 ea
1306 1993 1404 2044 aetate
1426 1984 1606 2044 crediderim
1630 2002 1686 2041 con·

360 2086 438 2144 secta
470 2104 538 2144 esse
571 2087 738 2162 sumptibus
772 2087 915 2162 publicis;
951 2103 1023 2144 sane
1051 2086 1263 2146 advocatorum
1293 2087 1456 2146 honoraria
1484 2097 1515 2148 et
1546 2097 1685 2164 gestorum

360 2189 489 2264 partium
512 2207 605 2247 causa
627 2188 888 2248 describendorum
915 2189 1070 2266 impensae
1092 2190 1188 2267 magis
1210 2191 1333 2278 proprie
1359 2191 1397 2248 ad
1423 2199 1526 2265 partes
1552 2191 1688 2266 pertinent

360 2309 451 2367 quam
474 2301 611 2367 sumptus
635 2291 800 2350 sententiae
821 2291 915 2368 gratis
937 2291 1071 2350 redditae
1094 2291 1194 2368 itaque
1213 2293 1338 2352 meliore
1357 2299 1455 2352 aetate
1470 2291 1562 2352 etiam
1578 2291 1686 2369 publico

360 2393 479 2452 nomine
501 2395 594 2470 gratis
616 2396 812 2472 perscriptae.

403 2495 450 2555 De
472 2496 572 2555 officio
595 2498 806 2555 advocatorum
830 2507 1082 2574 exceptorumqne
1105 2515 1196 2556 causa
1217 2496 1301 2555 nulla
1323 2507 1370 2556 est
1390 2516 1444 2556 cur
1464 2497 1523 2556 hoc
1545 2498 1612 2557 loco
1628 2514 1687 2572 aga·

359 2617 435 2657 mus.
474 2597 616 2657 Chartam
639 2608 765 2676 apparet
784 2607 960 2676 exceptores
977 2598 1202 2676 litigantibusl)
1218 2601 1261 2658 ita
1276 2599 1525 2676 suppeditavisse,
1548 2608 1582 2658 ut
1596 2617 1687 2658 earum

357 2719 477 2777 quoque
498 2710 616 2777 praeter
638 2719 747 2776 operae
769 2701 896 2776 pretium
919 2701 1087 2780 exigereut3
1114 2720 1173 2777 quo
1196 2702 1260 2760 iure
1283 2721 1319 2759 ne
1343 2702 1547 2774 abuterentur,
1570 2701 1686 2760 edictum

358 2802 527 2862 chartarum
549 2821 625 2877 quae
648 2803 686 2860 ad
708 2803 767 2860 tria
787 2803 966 2862 iudiciorum
989 2821 1099 2880 genera
1118 2803 1290 2863 sufficerent
1303 2821 1457 2862 numerum
1473 2802 1588 2862 delinit.
1623 2803 1688 2860 Eius

358 2905 586 2964 consuetudinis
608 2904 711 2981 Lydus
734 2924 852 2982 quoque
874 2905 1008 2964 meminit
1029 2906 1066 2964 de
1088 2923 1165 2982 mag.
1182 2906 1216 2977 3,
1240 2907 1289 2978 14,
1313 2905 1357 2964 ita
1377 2914 1492 2979 maren,
1520 2913 1553 2964 ut
1575 2905 1687 2964 meliore

359 3016 455 3068 aetate
475 3016 561 3084 neget
580 3008 726 3068 officiales
748 3008 932 3068 miserabilia
951 3009 1024 3067 haec
1039 3009 1201 3081 curavisse,
1224 3007 1314 3066 immo
1329 3007 1547 3067 lucidissimam
1562 3009 1688 3066 chartam

357 3111 453 3190 gratis
476 3110 714 3186 suppeditavisse
741 3104 819 3187 (rode
841 3101 955 3168 πάντων
978 3101 1189 3172 διειδεστάτους
1209 3100 1328 3193 qgoe‘prcrc
1349 3098 1392 3167 inl
1417 3109 1476 3173 τοῖς
1501 3101 1688 3193 πραττσμέιτις

357 3206 573 3270 ἀναλίσκεσθαι
579 3256 588 3280 ,
611 3205 766 3290 deamque
787 3203 982 3296 ἐμπρεπᾶντων
1003 3213 1060 3273 τοῖς
1081 3202 1178 3269 κύτεσι
1201 3213 1255 3268 τῶν
1278 3203 1443 3294 γραφὲων);
1465 3213 1525 3271 lam
1544 3231 1614 3271 vero
1635 3231 1687 3270 non

358 3315 454 3374 solum
477 3315 597 3374 chartae
619 3316 746 3392 pretium
769 3337 788 3374 a
808 3315 1011 3392 litigatoribus
1038 3315 1160 3391 exigere
1187 3314 1331 3372 officiales
1361 3304 1489 3395 (χάρτην
1516 3308 1644 3372 ἀπαιτεῖν
1668 3311 1687 3368 ci

356 3419 407 3488 τῆς
427 3408 541 3498 τάξεως
562 3407 730 3486 ὑπομένουσι
754 3411 820 3478 rade
840 3409 1031 3502 πράττοντας)
1053 3435 1150 3493 neque
1173 3417 1344 3476 crubescere
1366 3416 1451 3495 ipsos
1471 3435 1582 3494 egenus
1599 3417 1686 3475 factos

415 3689 439 3750 ¹)
460 3689 490 3740 C.
505 3690 555 3740 Th.
579 3691 602 3752 1,
617 3690 642 3752 6,
657 3691 681 3740 2.
717 3693 741 3753 1,
757 3691 789 3740 27
804 3691 848 3740 lin.
883 3693 907 3751 1,
924 3690 1049 3753 29,dpr.
1084 3690 1166 3750 10‚1,
1184 3689 1225 3738 13.

413 3778 438 3844 ²)
459 3781 582 3832 Chartam
601 3795 666 3847 quae
686 3783 720 3831 ad
738 3783 854 3847 publicos
873 3797 934 3832 usus
952 3782 1124 3846 requireretur
1143 3797 1200 3830 cum
1218 3780 1279 3842 hac,
1303 3795 1381 3845 quam
1401 3789 1550 3846 exceptores
1568 3779 1685 3845 litiganti-

354 3874 401 3923 bus
420 3874 527 3939 privatis
547 3874 719 3938 suppeditant,
739 3889 800 3925 care
820 3874 972 3924 conlaudas.
1008 3873 1083 3922 Illam
1103 3874 1261 3938 errantique
1281 3873 1446 3923 ordinatione
1464 3873 1586 3924 officiales
1600 3872 1684 3938 quibus

354 3981 386 4017 ea
404 3981 469 4031 opus
489 3973 543 4017 erat
561 3969 614 4017 suis
633 3967 776 4033 sumptibus
795 3968 913 4017 videntur
932 3980 1107 4030 comparasse,
1133 3971 1163 4014 ut
1180 3973 1225 4015 aut
1243 3973 1348 4031 propter
1366 3965 1394 4015 id
1414 3981 1480 4016 onus
1505 3974 1598 4016 certam
1623 3979 1685 4014 suru-

353 4074 422 4109 mam
442 4060 588 4123 acciperent
606 4067 662 4122 aut,
682 4061 751 4125 quod
770 4061 853 4124 magis
873 4059 1039 4120 crediderim,
1059 4065 1175 4122 respectu
1194 4065 1341 4122 sumptuum
1359 4059 1401 4108 his
1421 4058 1573 4108 officialibus
1593 4071 1684 4106 merres

353 4159 522 4216 congruenter
549 4158 624 4201 ancta
650 4152 839 4202 attribueretur.
890 4152 932 4202 Ita
959 4151 1078 4201 beneficii
1107 4165 1184 4200 causa
1207 4151 1229 4199 si
1256 4163 1306 4213 qua
1329 4151 1439 4214 pecunia
1462 4151 1562 4214 pubhca
1590 4151 1628 4199 sic
1654 4147 1684 4196 ad

351 4243 497 4309 praesidem
526 4244 696 4308 pervenisset,
731 4252 759 4294 ut
787 4245 867 4294 libere
896 4245 928 4293 de
957 4259 989 4294 ea
1016 4243 1175 4307 disponeret,
1205 4247 1306 4306 poterat
1333 4239 1511 4292 cumulationes
1543 4237 1683 4308 quibusdan

352 4333 505 4403 officialibus
523 4334 582 4386 inde
600 4333 754 4387 subscribere
773 4336 844 4401 (Dig.
859 4338 903 4398 48,
919 4339 961 4399 20,
977 4335 1016 4397 6),
1037 4336 1065 4384 id
1085 4343 1123 4384 est
1142 4333 1257 4384 beneficii
1277 4348 1355 4384 causa
1373 4347 1431 4384 eam
1450 4335 1485 4384 ad
1500 4335 1613 4384 chartam
1628 4332 1684 4380 inde

352 4427 552 4494 comparandam
578 4429 732 4480 officialibus
762 4443 875 4493 erogare.
925 4428 1072 4478 Posteriora
1101 4433 1185 4478 aetate
1214 4441 1244 4476 eo
1274 4427 1379 4476 nomine
1409 4427 1533 4478 officiales
1558 4424 1684 4490 spondas

352 4521 385 4571 ab
404 4520 436 4571 iis
456 4521 560 4585 exigere
579 4521 710 4583 solebant,
741 4536 849 4586 quorum
867 4535 944 4570 eausa
967 4520 1082 4570 maxime
1105 4527 1161 4569 aeta
1184 4518 1287 4584 publica
1305 4519 1409 4582 fierent;
1438 4520 1476 4568 ita
1499 4520 1526 4569 in
1546 4519 1604 4582 lege
1623 4519 1683 4580 imp.

350 4613 485 4665 Auastasii
511 4611 550 4674 (Z.
570 4628 586 4664 a
603 4613 758 4678 Lingeuthal
778 4614 804 4663 iu
825 4614 887 4663 actis
906 4613 979 4662 acad.
999 4611 1086 4662 Berol.
1110 4611 1254 4662 minoribus
1272 4624 1295 4659 a
1312 4613 1382 4662 rste
1402 4627 1427 4676 p.
1445 4613 1497 4662 134
1510 4608 1570 4675 seq.)
1596 4623 1682 4658 nume

351 4706 421 4756 rario
441 4712 467 4755 at
485 4707 659 4772 primiscrinio
679 4707 759 4755 oflicii
783 4707 855 4755 ducis
874 4706 972 4769 Libyae
995 4705 1097 4769 singula
1120 4710 1206 4753 castra
1230 4703 1340 4754 militnm
1364 4705 1593 4754 castrensianorum
1616 4685 1682 4768 ha'yag

351 4795 509 4868 χαρτατικῶν
528 4812 663 4848 numerare
683 4798 802 4848 iubentur
820 4811 920 4848 annues
939 4797 1094 4860 solidosVI,
1114 4797 1214 4864 rrumeri
1233 4797 1279 4847 alii
1297 4796 1330 4846 ab
1348 4810 1380 4846 eo
1394 4811 1472 4847 onere
1486 4799 1609 4846 immanes
1627 4807 1681 4842 ease

351 4889 420 4955 (pag.
436 4893 450 4940 1
471 4906 496 4941 r.
512 4890 629 4953 16-18,
649 4905 708 4956 pag.
724 4892 739 4941 3
759 4905 782 4939 r.
799 4890 926 4952 20-23).
958 4889 1084 4942 Similiter
1096 4890 1258 4954 Nicephorus
1276 4889 1422 4952 Logotheta
1440 4889 1532 4938 tributa
1547 4887 1588 4936 lta
1600 4885 1680 4946 mir,

349 4989 379 5032 ut
397 4981 432 5033 ad
450 4981 564 5047 singulos
584 4983 681 5033 solidos
700 4973 758 5047 dalp
778 4977 944 5053 >perpetraturi
964 4981 1126 5031 edicerentur
1144 4981 1252 5046 siliquae
1266 4981 1341 5030 binae
1360 4980 1539 5046 (Theophanes
1556 4979 1593 5028 ad
1612 4993 1680 5027 aru.

351 5073 437 5136 63023
464 5077 579 5126 Zonaras
601 5075 647 5137 15,
670 5076 716 5138 143
742 5076 770 5126 Z.
791 5073 980 5140 aLiugeuthal
997 5074 1025 5124 in
1045 5081 1117 5138 parte
1135 5073 1177 5123 111
1196 5071 1260 5123 iuris
1279 5072 1478 5126 Graeco-Rom.
1497 5073 1545 5122 sire
1564 5069 1682 5121 neruus

349 5183 375 5234 p.
390 5166 443 5217 386
457 5166 531 5232 seq).
