3524 5932
69 487 125 538 1³44
313 485 545 538 avoramvm.
592 457 828 536 caperonem
856 486 903 535 nn
931 483 1107 538 causum.
1317 463 1388 534 577

66 661 142 717 hasta
163 677 238 736 pura
261 657 352 735 (C-V,
368 658 454 735 875).
472 691 510 702 -·
534 659 611 718 Post
631 657 850 736 praefecturam
867 667 1035 718 castrorum
1050 657 1177 735 legionis
1191 655 1224 715 11
1238 656 1391 717 Maximus

66 763 152 821 lactus
173 771 219 820 est
241 761 409 839 praefectus
425 762 576 821 exercitus
587 762 779 839 Aegyptiaci,
802 779 861 837 quo
877 780 998 820 munere
1012 761 1184 838 fungentem
1195 759 1392 818 Alexandrini

65 866 276 923 honoraverunt
299 870 400 923 statua
422 863 452 922 in
475 865 574 940 patria
595 865 695 942 posita
717 863 862 942 Menaria)
885 862 1012 939 c(ousa).
1052 860 1113 922 Sed
1134 862 1164 919 id
1180 861 1310 920 officium
1332 879 1391 938 qno

67 976 179 1043 spectet,
202 966 381 1038 videndnm3
403 985 512 1025 novum
537 966 614 1024 enim
631 967 660 1024 in
676 966 771 1024 titulis
788 973 866 1024 carte
882 966 998 1024 accidit.
1022 965 1197 1022 Posteriora
1213 972 1309 1022 aetate
1325 983 1391 1022 cum

65 1089 115 1127 una
135 1069 200 1128 sola
222 1069 302 1145 legio
324 1070 355 1127 in
372 1070 512 1147 Aegypto
535 1070 677 1142 tenderet,
701 1069 727 1126 ei
750 1067 793 1126 ita
814 1068 986 1143 praefuisse
1008 1068 1192 1146 praefectum
1216 1075 1392 1138 castrorum,

65 1179 92 1228 nt
110 1171 199 1248 legati
220 1171 347 1249 legionis
370 1172 451 1230 vices
473 1171 584 1230 faceret
598 1180 628 1230 et
642 1171 738 1230 solum
754 1171 938 1249 praefectum
955 1171 1089 1247 Aegypti
1105 1187 1196 1246 super
1211 1187 1244 1228 se
1258 1168 1392 1238 haberet,

65 1283 172 1332 constat
193 1293 260 1331 cum
282 1294 321 1332 ex
344 1273 431 1332 titulo
452 1294 480 1333 n.
499 1273 579 1333 6025
602 1275 713 1352 scripto
728 1274 894 1350 imperante
911 1273 978 1344 Pio,
1000 1292 1060 1350 quo
1076 1271 1245 1349 praefectus
1261 1272 1392 1348 Aegypti

65 1385 89 1432 et
108 1375 273 1450 praefectus
297 1386 463 1435 castrorum
487 1377 653 1435 aedificium
677 1395 695 1434 a
717 1375 860 1434 militibus
881 1374 992 1434 factum
1013 1375 1056 1432 ita
1072 1374 1192 1433 omnino
1208 1372 1345 1433 dedicant
1360 1382 1393 1431 ut

65 1477 127 1536 alibi
149 1477 248 1536 solent
270 1477 361 1537 simul
383 1477 521 1536 dedicare
543 1479 633 1557 legati
654 1478 715 1537 duo
741 1478 915 1555 provinciae
941 1484 971 1536 et
999 1476 1142 1554 legionis,
1170 1484 1231 1535 tum
1259 1495 1298 1535 ex
1325 1477 1392 1552 ipso

64 1579 291 1638 testimoniorum
312 1579 445 1651 defectu;
469 1599 537 1638 nam
560 1582 585 1640 si
605 1582 684 1639 inter
705 1581 761 1638 hos
783 1581 895 1657 gradm
916 1579 1025 1638 fnisset
1042 1580 1214 1658 praefectus
1229 1578 1357 1655 legionis
1374 1597 1393 1636 a

64 1691 220 1740 carnorum
243 1682 396 1758 praefacto
411 1682 549 1742 diversus
573 1690 601 1741 et
624 1683 650 1740 ei
666 1683 867 1760 praepositus,
890 1682 954 1742 eius
970 1682 1097 1740 instituti
1113 1680 1236 1758 aliquod
1251 1680 1392 1739 indicium

66 1793 240 1859 superesset.
282 1781 415 1861 Collegit
435 1785 503 1844 iude
516 1785 735 1844 Wilmaunsius
758 1785 791 1860 (l.
806 1805 831 1844 c.
854 1804 883 1861 p.
897 1784 950 1860 91)
974 1803 1033 1861 quo
1049 1793 1183 1860 tempore
1205 1785 1237 1842 in
1253 1783 1392 1860 Aegypto

65 1886 158 1960 plures
180 1885 314 1962 legiones
337 1887 515 1958 tendebant,
538 1887 665 1963 singulis
688 1887 856 1963 praefectos
879 1896 1045 1946 castrorum
1067 1885 1233 1964 praefuisse
1254 1894 1393 1964 parentes

65 2005 161 2046 omnes
178 1988 328 2063 praefecto
341 1989 483 2068 Aegypti,
506 2007 602 2065 neque
618 1989 706 2048 aliter
719 1990 826 2066 potuit,
850 2006 915 2047 cum
931 1989 1106 2065 praesertim
1124 1986 1231 2048 Strabo
1250 1988 1298 2060 17,
1314 1985 1392 2060 1,1t

65 2089 263 2150 Romanorum
278 2091 412 2167 Aegypti
435 2090 723 2150 administrationem
747 2108 889 2149 enarrans
904 2100 934 2150 et
949 2092 1139 2168 magistratus
1154 2108 1258 2151 omnes
1274 2108 1394 2149 enume-

65 2209 126 2251 rans
148 2192 186 2251 de
207 2193 360 2268 praefecto
379 2194 529 2252 exercitus
545 2203 652 2266 taceat,
676 2192 799 2253 Tacitus
814 2210 932 2270 quoque
955 2192 1039 2269 (hist.
1055 2197 1082 2265 1,
1100 2193 1152 2269 ll)
1175 2192 1312 2251 similiter
1327 2211 1394 2251 eam

66 2294 227 2366 adumbret,
256 2295 287 2351 in
314 2294 400 2354 bellis
427 2295 555 2372 denique
576 2303 725 2372 quotquot
745 2295 783 2353 ad
805 2313 870 2353 eam
893 2297 1079 2372 provinciam
1101 2294 1308 2370 pertinuerunt
1334 2293 1394 2353 soli

65 2395 198 2470 praefecti
220 2397 393 2473 provinciae
412 2405 689 2456 commemorentur.
728 2395 786 2458 Sed
809 2397 865 2456 hoc
887 2403 919 2455 ut
940 2407 1020 2456 recte
1039 2397 1184 2456 referetur
1205 2395 1243 2454 ad
1259 2405 1395 2472 tempora

64 2498 202 2574 Augusti,
228 2499 341 2577 quippe
369 2499 477 2575 quibus
506 2507 565 2558 tras
592 2500 726 2578 legiones
749 2500 954 2577 Aegyptiacae
981 2499 1074 2560 ternis
1096 2499 1202 2557 castris
1228 2497 1394 2571 tenderent,

65 2619 119 2658 uua
138 2600 364 2674 Alexandreae,
393 2601 488 2660 altera
509 2600 682 2678 Babylone,
707 2602 796 2660 tertia
823 2603 882 2660 alio
910 2602 979 2661 loco
1007 2601 1112 2679 (snpra
1132 2621 1159 2678 p.
1179 2601 1224 2677 9),
1252 2602 1295 2659 ita
1320 2601 1394 2658 haec

65 2703 206 2761 ordinatio
228 2721 288 2761 non
311 2703 410 2779 potuit
433 2721 493 2762 non
512 2705 630 2776 mutari,
653 2715 812 2780 postquam
836 2722 895 2760 una
917 2703 1036 2782 legione
1057 2723 1096 2763 ex
1114 2703 1253 2779 Aegypto
1269 2703 1397 2762 abducta

65 2803 134 2862 duaa
154 2804 289 2880 reliquae
312 2805 486 2864 coniunctae
509 2805 545 2863 ad
561 2806 777 2864 Alexandriam
801 2805 922 2864 tendere
941 2814 1116 2881 coeperunt;
1139 2824 1208 2862 nam
1232 2803 1393 2862 secundum

65 2925 96 2964 ea
121 2925 199 2982 quae
225 2907 291 2984 ipse
315 2907 533 2966 Wilmaunsius
561 2907 581 2965 l.
604 2926 628 2965 c.
653 2927 681 2983 p.
699 2907 733 2964 91
765 2907 907 2983 exposuit
932 2909 1039 2967 castris
1068 2907 1138 2965 licet
1164 2907 1290 2984 geminis
1317 2925 1394 2966 unus

63 3017 170 3068 rantum
199 3009 370 3085 praefectus
392 3021 445 3070 est.
489 3011 519 3068 ls
543 3017 641 3068 antem
664 3027 730 3067 cum
754 3010 792 3067 ab
814 3009 909 3068 altera
930 3018 999 3068 utra
1020 3009 1138 3087 legione
1160 3009 1306 3068 nominari
1335 3026 1395 3067 non

65 3112 166 3184 possit,
187 3119 268 3170 recte
289 3113 460 3189 appellatur
478 3115 641 3188 praefectus
664 3116 798 3170 eucratius
822 3115 872 3187 qui
894 3122 936 3170 est
956 3116 985 3168 in
1007 3111 1148 3188 Aegypto.
1185 3111 1276 3170 Redit
1296 3112 1395 3188 ipsum

64 3213 235 3272 vocabulum
258 3231 318 3272 non
341 3215 372 3271 in
393 3213 500 3285 titulis,
530 3213 583 3272 sed
606 3213 684 3288 apud
708 3213 865 3271 Philonem
896 3212 978 3288 (adv.
1000 3212 1142 3271 Flaccum
1167 3213 1229 3289 13).
1272 3213 1305 3272 Is
1328 3232 1394 3272 nar·

65 3331 128 3372 rans
150 3332 199 3373 res
222 3315 433 3374 Alexandreae
454 3323 556 3392 gestas
577 3316 743 3392 imperante
767 3313 846 3373 Gaio
870 3315 1072 3374 centurionem
1095 3315 1137 3372 ait
1159 3334 1197 3374 ex
1223 3316 1297 3374 urbe
1325 3315 1395 3374 mis-

66 3433 134 3488 sum,
157 3429 189 3476 nt
210 3417 394 3494 praefectum
409 3417 541 3494 Aegypti
564 3418 694 3475 vinctum
710 3417 837 3475 Romam
860 3416 990 3488 duceret,
1013 3435 1079 3476 cum
1100 3417 1294 3490 escendisset,
1317 3417 1395 3475 mili-

65 3527 117 3576 tem
139 3519 289 3594 quendam
312 3521 440 3578 iussisse
462 3519 520 3577 sibi
542 3518 673 3578 indicare
696 3513 745 3590 τήν
763 3513 850 3575 οἰκίαν
865 3509 1067 3601 caparra'pqqcv·
1090 3509 1179 3596 τούτῳ
1203 3519 1279 3594 (non
1297 3517 1394 3594 τοῦτο)

64 3613 117 3703 ycip
143 3611 282 3684 ἐβούλετο
308 3615 340 3677 ro*
367 3611 519 3704 ἆπὸῥρητον
546 3616 721 3696 ἀνενεγκεῖν,
748 3609 794 3678 iva
820 3609 868 3677 nul
894 3610 930 3677 civ
956 3609 1003 3696 δὲῃ
1030 3614 1236 3702 πολυχειρίας,
1264 3610 1323 3697 ἔχῃ
1348 3613 1396 3676 riv

66 3713 332 3797 mvrequvradaavsv.
370 3721 459 3781 Unde
481 3741 547 3782 cum
570 3723 689 3781 aliunde
706 3732 823 3782 constet
844 3723 899 3780 sub
915 3719 1037 3780 Nerone
1060 3733 1139 3781 certe
1162 3722 1237 3782 duas
1259 3721 1395 3798 legiones

64 3823 91 3880 in
111 3824 218 3888 iisdem
242 3825 349 3883 castris
371 3824 587 3884 Alexandrinis
616 3825 777 3884 tetendisse
805 3825 967 3901 (Iosephus
988 3824 1058 3884 bell.
1077 3823 1105 3897 2,
1124 3823 1172 3897 18,
1190 3824 1218 3883 8.
1249 3823 1396 3897 4,1o,5;

63 3925 267 4002 euprepii),
295 3927 326 3984 id
348 3927 415 3986 hinc
436 3927 603 4005 colligimus
631 3927 689 3984 iam
718 3945 744 3986 a.
768 3927 805 3985 38
836 3925 973 3984 similiter
998 3926 1179 3997 obtinuisse3
1212 3944 1281 3983 nam
1311 3948 1397 4009 στρα-

63 4017 174 4106 τάρχιυ
198 4029 309 4086 mentio
335 4037 415 4088 recta
438 4030 582 4105 explicari
605 4049 664 4087 non
686 4037 787 4105 potest
815 4028 874 4087 nisi
902 4029 1078 4109 adsumptis¹
1095 4028 1204 4086 castris
1227 4027 1395 4105 geminatis.

64 4123 203 4188 Similiter
224 4131 306 4206 quod
329 4130 481 4190 Liternina
502 4131 626 4204 Fronto,
649 4132 700 4207 qui
723 4131 752 4188 in
775 4129 853 4189 bello
872 4129 1014 4189 Iudaeico
1038 4129 1101 4188 Titi
1124 4150 1150 4189 a.
1167 4129 1207 4187 to
1228 4129 1397 4189 vexillatio-

64 4229 146 4288 nibus
178 4233 316 4290 miliariis
344 4231 468 4292 duarum
497 4233 645 4310 legionum
672 4234 923 4311 Aegyptiacarum
958 4233 1104 4309 praefuit,
1138 4221 1397 4315 στρατοπεδάρχης

62 4332 230 4409 appellatur
251 4337 307 4392 τιῒν
329 4329 383 4390 ἀπ’
413 4329 474 4412 (ἐπ’
501 4334 673 4394 Alexandra
699 4336 778 4412 apud
800 4335 963 4393 Renierum
985 4333 1154 4412 proposuit)
1176 4329 1397 4417 Ἀλεξανδρείας

63 4426 109 4490 δύο
131 4425 301 4511 ταγμάτων,
322 4447 402 4496 recte
417 4436 566 4496 Renierus
589 4438 708 4512 (conceal
729 4439 762 4494 de
782 4457 884 4514 puerrc
898 4448 962 4496 tenu
982 4455 1041 4514 por
1056 4437 1136 4496 Titus
1157 4457 1186 4514 p.
1203 4435 1243 4496 48
1260 4435 1338 4512 seq.)
1361 4454 1396 4494 eo

62 4537 184 4607 rettulit,
215 4538 297 4613 quod
319 4540 427 4598 castris
448 4539 578 4616 praefuit
600 4541 753 4616 utriusque
775 4540 917 4617 legionis,
945 4539 1059 4598 addens
1086 4541 1176 4598 etiam
1199 4538 1235 4597 Τ.
1253 4535 1396 4598 Suedium

63 4633 258 4711 Clementem,
287 4641 338 4715 qui
366 4660 441 4699 uano
464 4643 503 4698 ΙΙ
531 4641 615 4718 fiio)
644 4645 711 4718 imp.
738 4641 872 4717 n(ostri),
899 4641 932 4700 id
962 4649 1007 4700 est
1036 4641 1090 4713 79,
1124 4642 1313 4700 Memnonem
1344 4659 1396 4698 ex·

62 4739 173 4798 audivit
194 4740 385 4817 pruesfectua)
410 4753 571 4802 castrorum
592 4742 714 4818 (0111,
735 4743 801 4819 33),
825 4745 941 4820 utrique
963 4743 1081 4820 legione
1102 4743 1270 4821 praefuisse
1292 4741 1397 4800 videri.

63 4841 134 4900 Nam
158 4844 330 4920 praefectus
352 4844 499 4904 eiusmodi
522 4853 553 4903 nt
574 4855 654 4904 recte
678 4845 822 4904 exercitui
845 4845 954 4904 dicitur
975 4863 1129 4923 praeesse,
1156 4845 1253 4920 potuit
1274 4845 1397 4903 omnino

62 4947 146 5002 etiam
171 4946 315 5022 praefecti
338 4956 507 5006 castrorum
529 4948 678 5007 vocabulo
700 4949 741 5006 uti
757 4949 912 5007 vocabulis
927 4947 1078 5024 legionum
1096 4955 1147 5005 aut
1162 4947 1271 5006 additis
1285 4947 1398 5024 pariter

63 5057 110 5104 aut
131 5050 263 5109 omissis.
307 5048 409 5109 Desiit
430 5050 480 5126 qui
497 5050 709 5109 Alexandreae
724 5051 781 5109 fuit
795 5051 964 5129 praefectus
980 5060 1144 5109 castrorum
1160 5068 1252 5128 super
1265 5049 1397 5126 reliquos

63 5151 201 5226 eminere,
223 5159 384 5231 postquam
409 5153 560 5212 exercitus
577 5153 782 5232 Aegyptiacus
806 5153 841 5213 sd
865 5171 952 5212 unam
968 5152 1116 5229 legionem
1132 5153 1269 5213 reductus
1286 5161 1343 5224 est3
1366 5149 1398 5208 id
