3574 5942
365 469 435 538 160
938 488 1120 541 nounsnn

360 669 390 718 et
410 661 586 718 decuriones
609 661 665 719 etsi
688 679 723 718 eo
745 662 863 719 nomine
886 663 1034 737 pervenit,
1063 661 1143 736 quod
1169 661 1303 739 plerique
1328 679 1430 719 eorum
1455 679 1494 718 ex
1519 659 1693 738 gregalibus

361 762 397 820 ad
415 763 512 821 locum
529 763 750 821 honoratiorem
766 762 994 836 adscenderunt,
1017 763 1109 821 nihilo
1125 763 1222 822 minus
1237 780 1349 839 genera
1362 763 1486 822 militiae
1501 763 1694 841 originesque

360 865 391 922 in
414 867 568 923 honoratis
590 865 637 922 his
658 866 702 922 ita
724 865 881 937 tolluntur,
905 875 938 924 ut
960 866 997 923 ad
1019 866 1095 924 hanc
1117 865 1323 941 quaestionem
1346 865 1534 926 centuriones
1557 864 1694 924 decurio·

360 985 471 1042 nesque
493 967 514 1023 ii
538 967 594 1024 soli
618 966 733 1025 admitti
759 969 891 1042 possint,
920 984 1046 1042 quorum
1073 975 1182 1026 statum
1211 976 1279 1026 ante
1308 968 1410 1026 locum
1437 968 1521 1026 illum
1552 966 1694 1044 adeptum

360 1069 501 1127 traditum
524 1069 675 1127 habemus.
713 1067 791 1129 Sane
810 1069 1047 1146 praepositorum
1063 1069 1181 1128 infimos
1196 1069 1317 1146 gradus,
1340 1077 1374 1128 ut
1387 1071 1574 1129 centuriones
1587 1069 1695 1127 cohor-

360 1171 435 1228 tales
463 1179 493 1228 et
519 1172 614 1248 magis
642 1172 732 1229 etiam
761 1171 935 1229 decuriones
962 1171 1076 1229 alarum
1104 1171 1161 1228 hoc
1188 1172 1308 1231 nominc
1335 1180 1398 1231 tum
1425 1191 1492 1231 cum
1518 1170 1695 1248 gregalibus

360 1281 437 1331 recte
459 1273 739 1348 aequiparahimns‚
768 1291 833 1332 cuni
862 1283 987 1350 apparet
1008 1283 1132 1332 vocatos
1158 1291 1227 1332 esse
1253 1274 1292 1333 ad
1318 1293 1386 1332 enm
1412 1275 1512 1350 ipsum
1537 1292 1695 1332 numerum

359 1375 537 1450 regendum,
569 1375 600 1433 in
622 1375 732 1450 quoin
756 1375 858 1434 ordine
881 1383 1058 1434 meruerant.
1107 1375 1212 1451 Itaque
1232 1376 1297 1434 eius
1323 1376 1442 1451 generis
1467 1393 1594 1452 quorum
1621 1375 1696 1432 mihi

360 1477 447 1552 copia
468 1485 533 1535 erat
553 1496 676 1535 numero
699 1495 865 1554 perpaucos
888 1477 1011 1548 admiei;
1034 1495 1085 1535 eos
1108 1489 1223 1548 autem,
1245 1493 1322 1554 quos
1344 1479 1465 1553 patebat
1485 1476 1604 1536 aliunde
1620 1496 1696 1553 pro·

358 1577 454 1636 sectos
476 1579 623 1637 militibus
646 1580 692 1637 his
715 1579 762 1636 vel
785 1578 846 1636 illis
868 1579 1057 1656 praepositos
1081 1597 1160 1650 esse,
1183 1579 1289 1657 procul
1310 1579 1409 1637 hebui.
1453 1577 1575 1653 Quanta
1596 1564 1697 1637 diver·

360 1681 434 1738 sitas
458 1689 570 1752 autern,
598 1681 773 1756 praesertim
794 1681 845 1739 uhi
868 1681 905 1739 de
931 1681 1045 1756 origine
1071 1683 1183 1758 agitur,
1209 1682 1374 1739 intercedat
1399 1682 1477 1740 inter
1504 1681 1698 1739 centuriones

359 1782 540 1858 legionarios
567 1782 760 1858 reliquosque
785 1783 842 1840 loci
868 1783 1042 1859 insignioris
1069 1791 1098 1841 et
1128 1783 1237 1841 milites
1264 1783 1416 1860 gregales,
1448 1782 1516 1841 inde
1548 1782 1698 1860 intellegi·

360 1892 421 1956 tur,
449 1885 543 1960 quod,
571 1903 638 1943 cum
666 1885 764 1943 Italici
791 1885 955 1961 imperante
975 1885 1167 1961 Vespasiano
1196 1885 1243 1960 (ut
1269 1885 1342 1942 alibi
1369 1883 1539 1960 ostendam)
1567 1883 1700 1942 militare

360 1985 511 2059 desierint,
533 1986 564 2044 id
587 1988 625 2045 ad
647 1988 835 2045 centuriones
859 1987 941 2044 nullo
964 1988 1054 2045 modo
1076 1982 1260 2065 pervenit¹).
1297 1986 1431 2046 Habebit
1453 1985 1574 2044 omnino
1589 1985 1700 2044 harum

364 2117 569 2132 ——-—-———fl

418 2205 441 2267 ¹)
461 2207 522 2258 Nou
545 2208 591 2258 abs
613 2223 642 2258 re
667 2215 704 2258 est
728 2209 855 2259 diversam
880 2209 1058 2259 centurionum
1084 2217 1109 2259 et
1135 2209 1246 2259 militum
1271 2207 1473 2274 legionariorum
1497 2207 1625 2273 originem
1652 2208 1700 2258 ali·

360 2307 485 2363 qnatenus
504 2300 634 2350 illustrare
653 2301 778 2365 exemplis
798 2301 884 2366 petitis
903 2303 1016 2354 manime
1036 2317 1052 2350 a
1071 2301 1173 2366 legione
1194 2301 1320 2352 Africana
1337 2301 1468 2366 titulisque
1481 2299 1701 2351 Lambaesitanis.

359 2390 562 2442 Perveniehatur
581 2393 615 2442 ad
634 2394 840 2443 centurionatum
859 2393 1030 2457 legionarium
1050 2395 1145 2458 triplici
1165 2395 1216 2456 via,
1241 2400 1285 2444 aut
1303 2407 1350 2458 per
1369 2391 1543 2457 stipendiata
1562 2392 1703 2457 provincis

359 2482 435 2543 facts,
456 2485 570 2534 maxime
591 2485 741 2550 legionaris,
762 2486 845 2536 rarius
865 2500 911 2551 per
930 2486 1013 2536 aleria
1033 2486 1072 2535 rel
1091 2486 1243 2548 cohortalis,
1263 2493 1309 2536 aut
1327 2499 1373 2550 per
1391 2483 1521 2550 stipendis
1533 2484 1634 2546 urbica,
1656 2499 1691 2533 su

359 2577 431 2627 nulla
450 2577 542 2626 militia
559 2577 656 2642 gregali
675 2584 778 2642 peracta
795 2577 886 2627 favore
905 2582 931 2626 et
949 2577 1085 2630 natalibus.
1127 2580 1185 2629 Hoc
1202 2577 1336 2644 probabile
1359 2585 1397 2626 est
1421 2577 1501 2627 abusu
1523 2577 1705 2642 potissimumt

360 2669 510 2730 invaluisse,
537 2671 710 2735 pertinuitqne
734 2670 843 2720 fortasse
865 2671 1016 2734 praesertim
1040 2671 1074 2720 ad
1098 2685 1158 2733 eos,
1187 2671 1231 2735 qui
1253 2685 1286 2720 ex
1310 2670 1422 2735 equestri
1447 2669 1539 2720 ordine
1564 2669 1703 2719 venientes

360 2761 461 2811 reddito
482 2777 547 2827 equo
566 2762 669 2826 publico
690 2762 852 2812 centuriones
872 2761 934 2811 iacti
949 2769 1017 2812 suut.
1049 2763 1094 2812 Ad
1107 2777 1146 2824 ea,
1166 2762 1277 2828 quaeda
1291 2760 1702 2825 hisadnotariinhacEph.IV

360 2869 385 2917 p.
401 2852 464 2918 235)
489 2855 541 2904 iam
559 2853 628 2904 addo
648 2854 750 2903 titulum
773 2869 856 2918 nuper
874 2861 1004 2918 repertum
1023 2855 1049 2905 in
1069 2855 1163 2905 Africa
1186 2868 1266 2919 prope
1286 2853 1411 2906 Simitthu
1429 2868 1446 2903 a
1465 2851 1581 2918 ngnato
1608 2859 1636 2902 et
1659 2853 1700 2902 in·

360 2953 456 2995 sertum
474 2947 621 2996 uberrimae
643 2947 697 2996 eius
716 2946 835 2996 relationi
855 2947 929 2996 elteri
947 2962 973 3010 p.
989 2948 1038 2996 88:
1067 2943 1094 2995 0.
1110 2941 1260 3004 0111111102Ρ
1275 2944 1315 3012 fil.
1339 2941 1440 2995 Oct-uel.
1459 2942 1595 2995 Honorato
1615 2947 1630 2990 7
1653 2943 1702 2993 ud·

361 3037 423 3089 lecto
443 3053 473 3088 cx
496 3038 596 3104 eq(uite)
617 3037 750 3101 R(cmano)
775 3055 792 3088 u
811 3037 870 3088 diuo
891 3037 940 3089 Pio
959 3039 987 3088 in
1006 3035 1102 3104 111.Ιὶ
1118 3037 1199 3104 Aup„
1221 3040 1235 3083 7
1256 3037 1305 3102 lep.
1323 3033 1380 3086 VH
1398 3033 1522 3088 Claudiae
1536 3037 1601 3103 piae
1614 3035 1702 3103 fidel„

359 3133 373 3175 t
396 3129 444 3197 lep.
458 3127 530 3180 XVI
546 3127 657 3181 Flaviae
670 3129 791 3196 firmus),
811 3134 825 3176 7
847 3130 895 3196 lep.
908 3125 938 3179 X
957 3145 1019 3196 pem.
1040 3146 1070 3196 p.
1081 3129 1108 3195 f.
1134 3128 1260 3191 (cohorte)
1284 3125 1461 3196 Vprinclipr)
1482 3129 1634 3195 posteriori.
1667 3155 1702 3165 -

360 3223 458 3273 Urbica
476 3223 569 3273 militia
588 3224 621 3273 ad
640 3223 720 3272 vitem
738 3223 860 3288 perduxit
878 3223 934 3272 iere
952 3237 999 3286 per
1016 3222 1111 3287 gradm
1131 3221 1204 3284 duos,
1225 3229 1270 3271 aut
1288 3222 1520 3271 corniculariatum·
1532 3221 1603 3286 apud
1623 3235 1704 3285 prse-

360 3315 441 3366 fectos
459 3316 582 3382 praetorii
606 3315 813 3366 administratum
838 3315 872 3378 (v.
893 3314 977 3365 (laner
1002 3315 1029 3364 in
1053 3313 1101 3364 hac
1120 3312 1187 3378 Eph.
1200 3313 1239 3364 1v
1258 3329 1284 3378 p.
1298 3313 1363 3373 475)
1388 3319 1433 3362 aut
1457 3313 1639 3363 evocationem
1666 3313 1704 3374 (r.

360 3407 480 3460 Schmidt
497 3409 524 3458 in
543 3409 655 3458 Hermae
675 3408 725 3458 vol.
741 3409 775 3458 14
794 3424 820 3472 p.
836 3407 888 3458 345
908 3421 1024 3472 quaeque
1043 3419 1121 3471 supra
1140 3405 1287 3456 dictasunt
1306 3421 1331 3470 p.
1347 3404 1426 3468 145);
1446 3405 1478 3454 ab
1498 3411 1609 3469 utroque
1630 3405 1704 3454 enim

359 3501 419 3550 loco
437 3501 571 3565 proximus
588 3500 684 3564 gradus
703 3500 894 3551 centurionatus
913 3499 1071 3563 legionarius
1091 3512 1147 3548 esee
1166 3498 1239 3548 solet.
1275 3499 1348 3548 Haec
1359 3497 1489 3562 promotio
1503 3511 1560 3547 cum
1573 3496 1610 3546 ad
1624 3509 1704 3561 prae·

360 3593 474 3643 torienos
493 3593 656 3658 potissimum
675 3593 815 3657 pertineat,
839 3592 1005 3640 inveniuntur
1024 3591 1103 3640 etiam
1122 3591 1283 3640 centuriones
1302 3589 1438 3654 legionarii
1456 3589 1567 3653 proiecti
1586 3603 1623 3638 ex
1644 3604 1705 3638 eor-

360 3685 466 3748 poribus
486 3685 596 3734 militum
614 3685 642 3734 in
661 3683 740 3734 Italia
758 3683 951 3734 consistentium
970 3683 1020 3732 loci
1039 3682 1184 3745 interioris,
1208 3687 1236 3730 ut
1255 3673 1452 3731 cornicularium
1471 3679 1579 3746 vigilum
1599 3681 1705 3744 primus

360 3775 465 3826 Marcus
484 3777 520 3825 ita
538 3778 667 3840 promovit
689 3774 780 3838 (Orell.
794 3773 890 3836 3456),
915 3777 975 3824 item
996 3776 1033 3824 sic
1051 3776 1164 3839 promoti
1187 3780 1247 3824 sunt
1265 3773 1409 3823 navarchus
1431 3772 1520 3822 classis
1539 3771 1705 3821 Misenensis

362 3864 403 3928 (O.
415 3867 490 3929 vm,
512 3867 592 3929 1322)
613 3869 700 3933 ettqui
720 3875 865 3918 meruerant
881 3869 948 3918 inter
967 3867 1064 3932 equites
1080 3867 1223 3932 singulares
1248 3864 1338 3928 (011,
1352 3865 1434 3915 4147.
1452 3863 1528 3924 vm,
1548 3861 1646 3924 2817).
1667 3888 1702 3898 -

361 3957 480 4023 Denique
500 3959 570 4024 quod
590 3961 651 4009 olim
670 3961 754 4010 solum
774 3959 892 4020 obtinuit,
910 3967 939 4011 ut
957 3960 985 4009 in
1005 3959 1096 4009 ordine
1115 3960 1158 4024 qui
1176 3958 1318 4019 meruisset,
1339 3957 1434 4007 deiude
1447 3956 1565 4006 ordinem
1581 3955 1705 4018 duceret,

361 4049 389 4099 id
407 4052 434 4100 in
454 4051 606 4115 provinciali
627 4066 728 4117 quoque
747 4052 840 4101 militia
859 4053 936 4100 edum
954 4061 1045 4116 postea
1059 4053 1161 4112 mansit,
1181 4057 1209 4100 ut
1221 4049 1289 4100 lnter
1302 4049 1367 4099 elios
1381 4048 1519 4100 ostendunt
1531 4048 1706 4098 centsrrioncs

362 4144 488 4192 exercitus
508 4143 627 4216 Airicani
648 4143 676 4193 Ο.
691 4143 773 4205 VIII,
795 4146 857 4193 217.
879 4145 951 4194 2354
977 4151 1002 4192 et
1022 4142 1171 4195 Germanici
1195 4142 1263 4192 tituli
1282 4140 1481 4191 Brambachiani
1500 4155 1526 4189 n.
1543 4139 1617 4189 1752
1640 4139 1708 4190 anni

361 4249 387 4298 p.
402 4233 433 4284 C.
448 4235 507 4284 191.
546 4234 638 4300 Itaque
657 4237 685 4286 11
704 4235 814 4285 militnm
833 4235 961 4299 originem
981 4236 1025 4300 qui
1044 4235 1159 4300 inquirit,
1179 4235 1204 4283 ei
1223 4235 1416 4284 centurionatus
1432 4231 1592 4296 legionarius
1606 4231 1707 4296 procul

361 4325 495 4377 habendus
515 4332 562 4389 est,
583 4343 640 4377 cum
659 4327 693 4377 ad
713 4343 771 4377 enm
789 4327 874 4377 locum
893 4342 927 4377 111
946 4329 1053 4378 diversis
1068 4326 1204 4392 generibus
1217 4325 1324 4376 militiae
1337 4325 1509 4390 perveniatur.
1539 4323 1706 4374 Provincia-

361 4434 418 4468 rum
437 4424 524 4468 autem
543 4419 678 4472 diversitas
696 4421 718 4470 si
736 4433 788 4485 qua
807 4420 918 4470 obtinuit
936 4421 963 4469 in
983 4421 1092 4470 militum
1111 4419 1215 4480 dilectu,
1236 4417 1269 4468 ad
1289 4418 1494 4468 centurionatum
1514 4429 1545 4464 ea
1563 4427 1621 4465 uon
1643 4431 1706 4480 per·
1777 4399 1778 4404 ¹

362 4512 439 4562 venit.
471 4510 589 4562 Primum
609 4527 666 4562 cum
685 4511 786 4562 soleant
805 4513 967 4562 centuriones
986 4511 1018 4560 ab
1039 4525 1089 4562 una
1108 4511 1211 4574 legione
1231 4510 1264 4560 sd
1283 4510 1362 4562 sliam
1380 4508 1523 4570 1111111111,
1543 4505 1707 4572 plerumque

362 4618 416 4653 non
434 4618 523 4654 omues
540 4605 733 4655 centurionatus
753 4611 916 4664 enumerant,
941 4603 987 4653 sed
1006 4619 1064 4652 cum
1084 4617 1159 4668 quem
1178 4602 1245 4652 torte
1263 4608 1357 4666 gerunt
1375 4602 1415 4650 rel
1435 4613 1511 4665 quem
1534 4606 1707 4664 postremum

361 4696 528 4746 obtinuerunt
546 4697 629 4747 solnm
648 4704 759 4761 ponunt;
791 4697 876 4760 itaque
901 4695 933 4744 de
952 4696 1080 4761 plerisque
1100 4695 1293 4746 centurionibus
1320 4708 1337 4743 1
1355 4707 1406 4758 111
1424 4693 1527 4758 legione
1551 4679 1708 4756 inceperint

362 4787 467 4838 dubium
487 4795 533 4838 est.
565 4788 668 4838 Deinde
686 4789 722 4839 ibi
742 4801 852 4853 quoque,
874 4787 918 4836 uhi
937 4787 969 4836 de
989 4788 1168 4837 centurionatu
1187 4788 1271 4852 primo
1291 4785 1437 4846 edocemur,
1456 4783 1568 4849 gregalis
1589 4783 1708 4832 militiae

362 4882 480 4932 condicio
499 4881 560 4932 inde
580 4887 634 4930 tuto
655 4881 742 4945 colligi
760 4881 864 4945 nequit;
884 4893 944 4930 uam
963 4880 1006 4944 qui
1023 4879 1141 4930 ordinem
1154 4880 1255 4944 accipit,
1276 4891 1461 4942 saepenumero
1475 4873 1553 4925 simul
1565 4874 1708 4939 legionem
1776 4873 1777 4896 ³

363 4982 452 5024 mutat
485 4974 653 5024 Illustrabunt
665 4974 728 5022 haec
744 4987 808 5038 quae
822 4973 967 5036 accepimus
984 4971 1017 5021 de
1030 4972 1223 5037 centurionibus
1235 4969 1345 5034 legionis
1358 4969 1476 5020 African.
1509 4967 1583 5017 Inter
1593 4981 1644 5016 eos
1660 4969 1707 5031 qui

363 5069 472 5130 patriam
491 5068 623 5117 enuntient
636 5065 759 5116 tredecim
774 5065 885 5129 repperi,
899 5079 964 5130 quac
977 5065 1076 5129 patriae
1088 5069 1147 5113 sunt
1160 5062 1307 5126 Campania
1320 5062 1355 5124 (n.
1368 5061 1438 5111 2801
1453 5059 1583 5122 fortasse),
1605 5058 1709 5110 Clunia

363 5159 503 5223 Hispaniae
527 5158 563 5218 (n.
578 5158 674 5220 2807),
701 5159 756 5208 Ara
775 5157 920 5222 Agrippina
939 5157 1094 5208 Germaniae
1114 5154 1149 5216 (n.
1165 5153 1245 5206 2785.
1260 5153 1355 5218 2907),
1377 5153 1526 5219 Aquincum
1543 5149 1709 5202 Pannoniae
