3574 5942
436 433 739 488 oasnavsutouus
760 435 1048 488 aetousemcns.
1333 417 1406 488 149

94 610 152 680 sint,
174 615 311 668 auctores
333 609 617 684 contradiderunt,
646 617 678 668 ut
699 609 846 687 quidquid
869 610 905 668 de
929 628 965 670 ea
985 629 1018 668 re
1040 611 1132 670 statui
1157 609 1268 686 possit,
1295 617 1347 669 aut
1368 629 1408 668 ex

93 709 200 769 universi
221 710 354 770 instituti
376 711 551 772 condicione
574 719 604 770 et
624 713 808 789 proprietate
830 711 1034 791 colligendum
1057 712 1097 771 sit
1119 720 1171 771 aut
1192 731 1231 772 ex
1254 721 1407 771 auctorum

91 813 150 872 locis
172 812 276 888 paucis
303 813 459 890 titulisque
485 815 556 872 item
584 831 643 872 non
669 813 790 885 multis,
822 815 874 889 qui
900 815 932 872 in
960 813 1087 892 singulis
1115 815 1246 874 evocatis
1275 813 1406 873 officium

89 915 226 974 enuntiant
248 913 294 972 vel
320 914 462 974 indicant.
507 914 583 976 Cum
610 923 727 975 constet
753 933 970 994 saepenumero
995 924 1134 974 evocatos
1162 925 1317 991 promotos
1340 934 1407 976 esse

91 1017 120 1074 ad
147 1015 366 1075 centurionatus
378 1017 420 1093 ¹),
459 1018 558 1076 adhuc
585 1018 763 1078 credidimus
792 1019 865 1078 illud
893 1035 1002 1094 corpus
1030 1026 1183 1094 tamquam
1213 1018 1406 1077 seminarium

90 1119 166 1177 luisse
179 1119 402 1192 centurionum
425 1120 478 1179 sed
500 1120 575 1179 haec
597 1129 630 1178 ut
650 1120 712 1178 alia
733 1119 883 1180 tralaticia
897 1121 992 1179 multa
1010 1119 1047 1178 de
1069 1139 1101 1179 re
1117 1119 1238 1179 militari
1254 1118 1406 1180 Romano·

90 1239 141 1278 rum
155 1239 220 1278 vere
235 1219 429 1281 fundamento
445 1231 556 1294 carent,
579 1222 739 1298 possisque
760 1221 826 1299 pari
848 1222 912 1281 iure
927 1221 1108 1282 contendere
1122 1221 1261 1281 tribunos
1279 1222 1405 1281 militum

90 1322 225 1380 institutos
248 1339 317 1382 esse
339 1335 463 1400 propter
480 1324 715 1401 procurationes.
749 1323 846 1383 Immo
861 1324 963 1384 obstat
983 1343 1043 1382 non
1058 1322 1165 1394 solum,
1186 1323 1265 1400 quod
1287 1333 1405 1401 praeter

90 1431 210 1482 evocatos
233 1423 323 1482 etiam
345 1444 384 1485 ex
405 1426 623 1504 principalibus
639 1426 776 1505 optiones
799 1435 829 1484 et
846 1427 942 1503 magis
958 1427 1047 1485 etiam
1063 1425 1252 1485 cornicularii
1274 1426 1406 1503 legitime

90 1527 119 1584 ad
137 1525 369 1587 centurionatum
391 1537 605 1604 promoventur
615 1526 656 1605 ²),
679 1528 731 1587 sed
754 1528 848 1588 multo
869 1529 976 1606 magis,
997 1528 1079 1604 quod
1093 1528 1137 1587 ita
1151 1526 1233 1586 nulla
1248 1545 1341 1586 causa
1354 1547 1406 1605 ap-

88 1645 166 1711 paret,
185 1652 237 1692 cur
259 1631 366 1691 urbani
389 1630 500 1689 milites
522 1630 582 1689 soli
605 1630 641 1688 ad
664 1630 868 1690 evocationem
890 1629 1093 1690 admittantur.
1126 1627 1205 1688 Nam
1224 1647 1404 1705 quamquam

89 1734 257 1794 centuriones
281 1741 360 1792 certe
381 1732 542 1808 legionarii
564 1731 693 1790 maxime
714 1733 834 1792 labente
855 1739 953 1790 aetate
974 1748 1084 1807 magna
1104 1750 1144 1789 ex
1164 1737 1249 1808 parte
1272 1749 1310 1789 ex
1327 1732 1405 1791 mili·

88 1839 120 1895 tie
137 1839 246 1896 urbana
266 1842 482 1914 provenerunt,
511 1834 614 1909 quiin
639 1834 758 1911 legione
784 1835 815 1892 in
842 1833 947 1893 ordine
974 1833 1127 1892 merebant
1154 1851 1172 1890 a
1198 1834 1405 1893 centurionatu

88 1939 157 1998 nullo
182 1949 317 2015 tempore
348 1931 579 2012 arcebantur³),
611 1955 665 1996 nec
693 1935 781 1994 facile
809 1955 908 1995 rerum
935 1935 1049 2012 peritus
1077 1935 1212 1994 admittet
1233 1938 1403 2012 Augustum

88 2041 259 2100 seminarium
286 2039 495 2098 centurionum
522 2036 755 2114 legionariorum
780 2038 824 2096 ita
850 2037 1034 2111 condidisse,
1061 2043 1093 2094 ut
1122 2037 1253 2095 urbanae
1280 2038 1404 2097 militiae

88 2143 133 2202 soli
151 2151 271 2220 pateret.
317 2138 417 2214 Quam
439 2141 477 2199 ob
499 2159 561 2199 rem
584 2141 640 2200 etsi
662 2148 853 2200 evocatorum
876 2157 986 2217 corpus
1008 2138 1117 2198 multos
1140 2137 1236 2212 dedit,
1263 2140 1314 2214 qui
1336 2158 1403 2198 oen-

87 2246 246 2304 turionatum
268 2244 300 2300 in
322 2241 440 2320 legione
463 2251 611 2320 caperent,
634 2243 732 2318 ipsum
755 2243 819 2302 sine
836 2241 928 2301 dubio
949 2241 987 2300 ob
1002 2240 1080 2299 alias
1099 2258 1209 2298 causas
1231 2239 1402 2300 institutum

86 2359 129 2406 est
157 2347 219 2406 Eae
240 2353 273 2403 ut
294 2343 517 2422 intellegantur,
540 2343 710 2422 colligenda
731 2354 801 2403 sunt
821 2361 898 2420 quas
921 2344 957 2401 de
979 2343 1107 2421 siugulis
1130 2349 1320 2400 evocatorum
1338 2343 1402 2402 olfi-

87 2450 129 2506 ciis
147 2455 303 2526 supersunt
324 2447 510 2521 testimonia,
534 2446 752 2522 videndumque
773 2465 844 2504 num
865 2445 935 2504 inde
957 2444 1069 2521 aliquid
1091 2444 1239 2504 efficiatur
1261 2444 1338 2521 quod
1362 2445 1401 2502 ad

87 2551 167 2626 ipsum
189 2567 297 2627 corpus
318 2547 524 2624 perveniam).

170 2671 201 2746 l)
220 2671 367 2728 Evocatus
388 2667 515 2744 Aupusti
540 2669 576 2727 ab
603 2672 675 2728 cotis
696 2670 763 2744 sori
788 2677 923 2744 repertus
946 2675 993 2726 est
1018 2666 1048 2726 in
1071 2667 1165 2727 titulis
1187 2667 1400 2728 Auximatibus

220 2772 337 2830 duobus
359 2768 685 2843 0.1x,5839.5840‚
708 2780 837 2829 euocatus
858 2773 889 2828 in
903 2771 976 2846 foro
997 2769 1033 2828 ob
1056 2771 1127 2828 actis
1149 2769 1180 2826 in
1196 2768 1339 2828 Atellano
1360 2770 1400 2842 X,

221 2874 312 2933 3733.

166 2977 199 3054 7)
219 2976 363 3036 Ευοοαιιιι
392 2993 412 3032 o
438 2975 672 3052 coemendas-tc)
701 2973 922 3050 custodiarum)
956 2973 1105 3032 invenitur
1132 2973 1164 3034 in
1192 2973 1278 3034 titulo
1308 2992 1401 3052 supra

219 3097 246 3155 p.
266 3078 324 3136 148
348 3096 376 3135 ιι.
394 3077 412 3136 2
434 3077 528 3135 relato
548 3078 671 3136 invento
686 3076 864 3146 Ravennae3
885 3074 1012 3134 conferri
1034 3083 1133 3152 potest
1150 3073 1186 3135 (l.
1202 3075 1259 3134 Th.
1277 3075 1304 3148 9,
1322 3077 1350 3148 3,
1367 3077 1399 3136 5:

219 3182 260 3238 cd
275 3182 548 3238 commentariensem
566 3188 741 3254 receptorum
756 3195 947 3254 personarum
962 3179 1093 3236 crestodia
1108 3177 1322 3254 observatioque
1332 3198 1399 3255 per-

218 3285 307 3340 lineat
332 3299 398 3339 cum
425 3280 619 3339 adnotatione
646 3277 836 3339 Gotholredi.
859 3311 899 3321 -
921 3278 1039 3338 Vononi
1066 3297 1190 3357 regnum
1216 3279 1398 3340 Parthorum

217 3382 376 3441 adfectanti
398 3391 428 3441 et
449 3400 519 3459 rege
541 3400 644 3441 eorum
658 3381 813 3439 Artabano
835 3389 953 3456 petente
974 3380 1215 3458 Pompeiopolim
1237 3380 1399 3441 incilicia

218 3485 349 3563 relegato
372 3483 527 3544 custodias
542 3501 635 3543 causa
648 3483 814 3542 Remmium
832 3493 987 3542 evocatum
1004 3483 1174 3559 appositum
1189 3501 1254 3542 esse
1269 3483 1397 3543 Tacitus

218 3595 321 3646 narrat
343 3583 426 3660 (ann.
443 3585 472 3657 2,
496 3585 534 3644 68
557 3587 594 3644 ol.
612 3584 675 3661 61).

168 3689 198 3764 8)
218 3689 365 3748 Eoocotm
379 3686 508 3764 Auqcsti
527 3706 547 3745 a
569 3687 780 3763 quaestionibus
798 3687 1008 3764 prceJ‘ectorum
1024 3690 1173 3764 praetorio
1196 3695 1243 3747 est
1264 3688 1295 3747 in
1311 3688 1398 3747 titulo

88 3869 269 3881 ——n—-n

133 3998 153 4060 ¹)
172 4000 283 4053 Schmidt
302 4019 328 4068 p.
342 4003 409 4064 ³453
430 4001 463 4053 cl.
482 4002 569 4053 Canas·
587 4003 614 4054 ln
633 4001 682 4052 hac
703 4002 772 4066 pr.
785 4002 825 4054 lv
843 4018 869 4067 p.
882 4004 945 4053 480.
989 4001 1043 4052 Dio
1063 4001 1107 4063 78,
1128 4003 1144 4054 b
1164 4003 1231 4052 inter
1250 4001 1398 4054 coniuratos

82 4091 103 4140 io
120 4091 258 4145 eucratas
277 4095 384 4146 caedem
403 4095 520 4145 nominat
537 4095 632 4145 Iulium
648 4093 795 4144 Martialem
815 4088 841 4142 lv
858 4109 884 4142 τι
903 4096 957 4150 τοῖς
975 4081 1127 4157 ἀνακλῆτοις
1146 4083 1338 4163 πρατιιόμινοι
1357 4091 1397 4144 aul

82 4171 143 4248 ι’ῃῆι
162 4181 246 4236 alasiae
264 4183 300 4250 τῷ
317 4181 452 4249 ’Amovivq
471 4179 575 4256 ἷχιντα,
598 4170 636 4235 ln
653 4181 850 4256 ἱκατοντιιρχίιιν
868 4173 998 4248 αἰτήσαντι
1018 4179 1060 4234 otia
1080 4173 1201 4234 liticines.

131 4273 153 4336 ²)
172 4277 249 4331 Cauer
267 4281 286 4331 l.
302 4295 324 4330 c.
344 4296 370 4344 p.
383 4281 445 4330 471.
459 4277 522 4329 475.
551 4278 677 4344 Optionss
696 4285 783 4328 tamen
801 4293 863 4328 num
886 4277 1044 4330 sollemniter
1065 4280 1103 4328 ita
1116 4285 1323 4343 promoveantur,
1343 4295 1396 4330 non

83 4367 128 4416 sine
145 4381 214 4422 eausa
231 4373 258 4422 in
278 4371 466 4422 dubitationem
486 4371 595 4420 vocavit.
627 4370 679 4432 Qui
697 4370 731 4420 ad
751 4371 955 4421 centurionatum
974 4385 1007 4420 ex
1024 4372 1082 4421 loco
1098 4371 1221 4422 interiore
1234 4373 1394 4437 perveniunt,

83 4469 105 4506 rt
120 4461 224 4525 tiguileri
242 4471 268 4513 et
288 4463 455 4524 beneficiarii,
477 4477 521 4513 sos
540 4462 606 4514 saltu
625 4469 760 4528 promotos
779 4477 834 4512 esse
855 4462 992 4513 verisimile
1012 4469 1059 4513 est.

130 4549 152 4611 ⁸)
170 4553 321 4621 llagnopcre
340 4555 538 4606 desiderandum
559 4561 609 4616 est,
639 4560 668 4603 ut
687 4554 841 4618 colligantur
859 4555 1015 4606 documenta
1033 4555 1065 4606 de
1084 4555 1279 4606 condicionibus
1307 4561 1395 4606 centu·

82 4643 192 4708 dumata,
215 4647 274 4697 dico
299 4648 331 4697 de
356 4648 455 4712 origine
478 4646 663 4712 stipendiisque
683 4653 744 4696 ante
766 4647 842 4697 iactis
865 4661 992 4712 quasnam
1015 4647 1084 4712 leges
1108 4647 1177 4714 apud
1195 4648 1328 4700 Romanos
1349 4663 1396 4714 per

83 4733 171 4786 diversa
184 4745 297 4804 tempora
315 4739 343 4790 in
361 4754 409 4789 usu
427 4739 524 4788 fuerint
542 4745 570 4788 ut
589 4739 739 4804 explicetur.

129 4823 155 4887 ⁴)
172 4827 248 4879 llatae
268 4831 322 4892 VI,
346 4831 417 4882 tata
437 4831 487 4882 111.
502 4829 551 4881 tt:
575 4835 669 4880 ΕνΟΒ
691 4838 717 4880 et
728 4831 774 4892 IV,
794 4831 842 4881 bl:
866 4835 950 4880 evoe
967 4836 988 4878 lt
1007 4833 1070 4897 quid
1086 4831 1237 4896 significent,
1252 4833 1394 4896 ignoratur.

81 4913 195 4968 Eretum
211 4918 380 4988 &rejicias-ius
398 4923 503 4973 delendi
522 4937 576 4974 uon
595 4931 679 4988 potest
698 4923 748 4973 nisi
767 4929 796 4973 ut
814 4923 841 4973 ld
860 4923 965 4974 abusive
984 4925 1106 4988 scriptum
1126 4925 1159 4974 sit
1174 4937 1221 4988 pro
1241 4931 1344 4975 euocato
1363 4941 1394 4978 ee

84 5003 234 5074 l‘'seties'urt'm
256 5015 300 5064 sed
318 5030 376 5064 cum
396 5015 425 5064 in
443 5015 535 5066 eodem
555 5016 679 5067 laterculo
698 5022 766 5066 recte
786 5016 908 5082 scriptum
927 5017 959 5067 sit
979 5014 1117 5080 evadatur)
1137 5031 1167 5066 es
1185 5014 1342 5083 ai9(m'jero),
1366 5019 1394 5072 in

83 5097 140 5150 lane
158 5111 219 5154 certe
236 5105 262 5156 ld
279 5121 331 5157 non
350 5107 427 5158 cadit.
