3574 5942
398 440 469 509 164
522 489 524 494 .
964 455 1146 510 uouusau

392 631 464 689 bant
478 631 545 708 piae
561 630 657 690 fidelis
673 631 842 706 similiaque
859 632 1019 708 agnomina
1034 630 1072 689 ab
1086 631 1175 688 huius
1191 630 1306 689 elenchi
1321 631 1447 690 consilio
1462 630 1569 689 alicua.
1590 665 1626 676 —
1645 632 1707 688 Alae

393 733 590 808 cohortesque
615 751 654 791 ex
675 731 778 790 eodem
801 733 912 810 populo
935 732 1028 791 lectas
1051 733 1236 808 eundemque
1262 751 1433 802 numerum,
1463 732 1636 808 praesertim
1659 735 1709 807 pri·

392 853 471 892 mum
494 834 637 891 habentes
660 834 762 911 plures
784 834 898 909 passim
921 835 950 891 in
975 833 1157 892 exercitibus
1180 833 1388 910 reperiri·nou
1416 833 1513 892 minus
1540 841 1649 892 certum
1671 845 1709 892 est

393 953 482 1011 quarn
507 935 647 1012 ambigua
674 953 763 1012 saepe
792 934 872 993 iusta
897 954 998 992 earum
1026 934 1195 1004 distincti03
1228 942 1260 993 ut
1281 934 1456 1011 Alpinorum
1483 936 1558 992 duae
1586 935 1709 993 cohortes

391 1037 505 1112 primae
527 1036 661 1112 equitata
684 1037 791 1108 altera,
819 1036 912 1094 altera
934 1035 1068 1110 peditatu
1094 1036 1124 1093 in
1146 1035 1212 1111 lege
1236 1035 1359 1111 publica
1385 1037 1454 1094 anni
1476 1053 1506 1111 p.
1522 1033 1557 1094 0.
1573 1035 1612 1094 80
1636 1038 1711 1094 iuxta

391 1139 508 1213 positae
538 1138 728 1196 inveniuntur
749 1137 924 1214 cognomine
946 1136 1029 1195 nullo
1052 1136 1154 1195 addito
1177 1137 1372 1212 similiterque
1395 1137 1466 1195 alibi
1489 1137 1626 1196 cohortes
1646 1139 1710 1196 duae

392 1240 505 1315 primae
528 1239 678 1298 Thracum
706 1239 788 1314 (vide
814 1240 853 1297 ad
875 1236 1086 1314 0.111‚109).
1136 1237 1291 1296 Eiusmodi
1319 1238 1512 1297 difficultates
1538 1238 1589 1295 nbi
1617 1239 1712 1296 adsunt

392 1341 438 1398 vel
461 1349 588 1418 possunt
611 1341 730 1411 adesse,
760 1359 825 1398 curn
854 1339 892 1397 ad
915 1339 991 1397 hauc
1018 1346 1150 1398 nostram
1178 1340 1416 1415 disquisitionem
1443 1357 1496 1397 eae
1517 1357 1576 1397 ncn
1603 1357 1711 1415 magno·

392 1461 461 1518 pere
484 1444 652 1518 pertincant
673 1460 768 1518 neque
791 1440 970 1499 intransitu
994 1450 1105 1516 queant
1126 1441 1286 1512 elucidari,
1315 1441 1345 1498 in
1372 1439 1429 1498 hoc
1455 1440 1552 1499 indice
1575 1441 1646 1498 satis
1666 1441 1712 1498 ha·

392 1544 509 1601 bnimus
531 1545 619 1601 iuxta
641 1561 752 1618 ponere
773 1561 849 1618 quae
867 1542 1045 1617 accepimus,
1069 1544 1193 1600 eandem
1209 1560 1276 1600 esse
1292 1542 1370 1600 alam
1388 1541 1433 1600 vel
1450 1541 1602 1600 cohortem
1617 1541 1711 1600 similis

390 1644 519 1703 nominis
541 1663 637 1720 neque
660 1643 843 1703 affirmantes
866 1661 961 1719 neque
988 1653 1140 1721 negantes.
1188 1644 1236 1701 Ita
1257 1663 1296 1702 ex
1322 1643 1379 1701 hoc
1407 1641 1504 1700 iudice
1530 1651 1713 1718 cognoscetur

394 1743 551 1804 Gallorum
574 1745 702 1821 exempli
724 1763 817 1803 causa
837 1745 975 1803 cohortes
996 1745 1033 1802 ad
1056 1762 1144 1820 quem
1166 1763 1321 1803 numerum
1344 1744 1528 1802 adscendunt
1551 1752 1582 1802 et
1602 1744 1712 1820 quinam

391 1847 471 1905 inter
492 1864 647 1905 numerum
670 1847 797 1921 primum
821 1855 850 1904 et
873 1863 1020 1904 summum
1043 1855 1096 1904 aut
1116 1846 1264 1905 defuerint
1285 1854 1337 1904 aut
1358 1845 1447 1904 hodie
1462 1845 1647 1920 ignorantum
1667 1863 1712 1901 no

393 1954 489 2007 torum
518 1966 706 2006 numerorum
733 1947 848 2023 aliquot
873 1967 943 2004 num
972 1946 1114 2022 duplicati
1141 1947 1187 2004 vel
1213 1945 1289 2006 adeo
1316 1946 1458 2023 triplicati
1484 1946 1651 2016 extiterint,
1680 1965 1712 2004 ex

392 2049 489 2107 indice
511 2049 652 2125 cognosci
674 2057 755 2108 certo
777 2066 837 2106 nou
863 2055 971 2125 potest.
1001 2081 1038 2090 -
1066 2048 1142 2105 Alae
1164 2055 1195 2104 et
1215 2047 1354 2106 cohortes
1377 2067 1454 2124 quae
1476 2048 1595 2107 ethnico
1621 2066 1713 2106 carue·

391 2157 461 2208 runt
483 2158 533 2208 aut
555 2160 634 2208 certe
656 2149 844 2227 appellantur
866 2168 900 2208 eo
923 2149 1036 2208 omisso
1059 2167 1154 2225 neque
1177 2158 1258 2207 certa
1278 2150 1394 2208 ratione
1417 2149 1597 2224 supplendo,
1622 2167 1712 2225 quam·

394 2268 483 2326 quam
506 2251 544 2309 ad
566 2250 622 2310 hos
643 2251 805 2310 laterculos
827 2252 912 2327 ipsae
934 2269 992 2308 uon
1008 2251 1193 2326 perveniunt,
1207 2249 1409 2332 nihilominus
1426 2250 1461 2308 de
1476 2251 1513 2308 iis
1528 2268 1606 2327 quae
1621 2259 1715 2326 parata

392 2352 541 2410 habebam
561 2353 734 2429 appendicis
748 2352 816 2411 loco
831 2355 996 2428 composui,
1019 2351 1076 2411 alis
1093 2351 1250 2412 recensitis
1266 2351 1296 2410 iu
1312 2351 1457 2410 laterculo
1473 2351 1529 2424 VI,
1551 2350 1713 2409 cohortibus

392 2455 424 2511 in
439 2454 583 2512 laterculo
594 2453 665 2524 VII,
682 2453 750 2511 ideo
766 2453 941 2529 praesertim
957 2453 1036 2528 quod
1052 2463 1174 2530 propter
1190 2453 1406 2512 breviationem
1423 2451 1510 2511 modo
1525 2453 1714 2530 significatam

393 2555 466 2614 haec
488 2572 605 2631 quoque
628 2555 816 2631 aliquatenus
837 2573 903 2614 cum
925 2559 1038 2613 nostris
1061 2555 1221 2613 coniuncta
1241 2562 1318 2613 suut.

435 2655 474 2713 B.
517 2655 691 2714 Auxiliares
720 2655 932 2731 provinciales,
965 2656 1018 2731 qui
1044 2655 1188 2732 originem
1216 2655 1401 2732 adscriptam
1428 2655 1554 2726 habeut,
1589 2673 1716 2715 seorsum

393 2758 560 2832 composui,
575 2757 692 2833 equites
707 2756 875 2833 singulares
889 2757 919 2814 in
936 2756 1082 2816 laterculo
1097 2756 1157 2827 ΙΙΙ,
1178 2755 1289 2815 alarios
1304 2756 1335 2814 in
1350 2755 1494 2814 laterculo
1506 2755 1552 2814 1v
1565 2757 1716 2815 secuudum

392 2858 473 2929 alas,
501 2857 668 2917 cohortales
694 2858 726 2915 in
747 2857 891 2916 laterculo
914 2858 942 2917 V
965 2859 1127 2917 secundum
1149 2857 1302 2929 cohortes;
1331 2857 1370 2915 ad
1391 2875 1467 2932 quos
1489 2856 1650 2917 laterculos
1677 2876 1717 2912 re·

394 2959 537 3019 missione
562 2958 642 3018 facta
668 2959 698 3016 in
724 2958 867 3017 laterculo
894 2959 1037 3035 primario
1063 2958 1121 3035 (A)
1153 2959 1344 3019 inveniuntur
1377 2958 1528 3018 distributi
1563 2958 1717 3018 secundum

393 3062 515 3138 patrias.

436 3163 464 3220 4.
503 3159 671 3232 classiarii,
693 3162 744 3236 qui
765 3168 914 3236 quatenus
937 3163 1023 3237 origo
1043 3179 1147 3220 eorum
1170 3161 1297 3221 traditur
1318 3179 1421 3221 omues
1442 3161 1504 3220 lere
1526 3159 1718 3238 provinciales

393 3265 515 3322 fuerunt
537 3262 649 3339 (Italici
670 3262 757 3340 pauci
779 3262 937 3337 compositi
962 3270 1031 3322 sunt
1051 3260 1086 3322 G.
1104 3262 1135 3321 X
1156 3281 1185 3339 p.
1205 3261 1314 3340 1128),
1341 3262 1447 3339 digesti
1470 3271 1541 3320 sunt
1563 3262 1717 3322 secundun

393 3367 507 3443 patrias
533 3365 589 3436 ita,
616 3371 649 3422 ut
674 3373 822 3440 quatenus
844 3364 965 3421 veniunt
990 3383 1029 3421 ex
1054 3364 1187 3440 corporis
1211 3365 1362 3424 volumine
1384 3363 1429 3436 X,
1456 3363 1542 3422 solus
1565 3364 1718 3424 voluminis

393 3483 536 3525 numerus
557 3474 693 3542 ponatur,
716 3483 782 3523 curu
804 3465 941 3523 nationes
962 3465 1183 3523 classiariorum
1205 3465 1247 3524 ibi
1268 3467 1299 3524 in
1319 3465 1416 3525 indice
1433 3465 1582 3541 peculiari
1603 3485 1632 3542 p.
1647 3461 1717 3522 1128

393 3575 612 3626 recenseantur.
655 3565 800 3641 Reliquos
827 3566 929 3624 titulos
954 3565 1125 3624 classiarios
1151 3566 1308 3626 citavimus
1331 3566 1445 3625 adiecto
1467 3585 1611 3640 numero,
1638 3566 1718 3624 etiam

393 3669 445 3743 qui
468 3667 758 3745 comprehenduntur
771 3667 803 3724 in
818 3667 953 3744 corporis
969 3667 1119 3725 volumine
1135 3667 1182 3725 Xl
1203 3669 1335 3727 nondum
1350 3668 1444 3738 edit0;
1467 3685 1537 3726 nam
1553 3667 1718 3726 classiarias

393 3769 603 3847 inscriptiones
617 3769 809 3828 Ravennates
832 3787 869 3827 ex
891 3768 1051 3826 voluminis
1073 3769 1137 3827 eius
1156 3768 1284 3846 plagulis
1301 3787 1320 3826 a
1335 3767 1506 3827 Bormsuno
1523 3768 1628 3828 missis
1643 3787 1720 3844 repe·

394 3870 461 3928 tivit
486 3870 678 3929 Hermanuus
705 3869 832 3927 llerrero
858 3869 890 3927 iu
916 3869 992 3927 libro
1019 3867 1232 3929 l’ordinomentc
1264 3869 1337 3928 dalle
1363 3879 1471 3928 armate
1497 3887 1618 3928 romans
1648 3868 1721 3926 edito

394 3970 537 4030 Taurinis
560 3991 586 4030 a.
605 3969 699 4042 1878,
725 3978 923 4046 poteruntque
949 3969 1044 4028 donec
1071 3971 1169 4046 ipsum
1197 3971 1335 4029 volumen
1362 3970 1472 4047 publici
1495 3970 1573 4029 iuris
1600 3971 1651 4029 het
1675 3970 1720 4045 qui
1765 4019 1766 4028 ,

394 4071 441 4130 his
463 4073 505 4132 uti
527 4071 650 4149 cupiunt
670 4071 877 4131 Ferrariauam
900 4071 1139 4147 compilationem
1163 4071 1314 4132 adhibere.

765 4325 788 4386 1.
832 4324 1008 4387 MILITldS
1035 4323 1358 4388 PROVINCIALES.

395 4428 421 4487 I.
466 4409 595 4490 Srcnn'.

548 4529 662 4588 Milites
685 4529 769 4587 nulli.

395 4685 436 4742 ΙΙ.
481 4682 645 4744 Saunium.

551 4789 578 4844 l.
600 4793 693 4863 praet.
716 4817 754 4830 -

550 4885 578 4944 Ι.
600 4888 675 4964 leg:

624 4988 755 5048 Caralis:
778 4987 827 5046 ΙΙΙ
850 4988 929 5062 Aug.

550 5091 577 5147 3.
601 5089 729 5148 auxilia:
