3574 5942
356 479 426 548 110
931 495 1112 547 mommsen

352 671 551 728 conderentur
573 678 602 728 et
624 669 712 726 stiam
740 679 810 743 post
834 669 918 726 Pium
948 669 1003 726 sub
1026 669 1128 725 Marso
1155 677 1290 728 neutrum
1319 669 1407 745 plane
1433 669 1568 728 oleosum
1595 676 1687 726 esset.

352 771 391 829 Εἰ
419 773 523 842 551511,
553 771 735 848 temporibus
765 771 879 828 seilicet
901 770 1025 827 Traiani
1053 773 1194 830 extremis
1222 778 1253 830 et
1273 771 1420 830 Hadriani
1443 770 1564 847 Piique,
1597 771 1687 829 etiam

354 873 500 931 sermonis
522 874 689 950 proprietas
713 873 853 930 convenit
875 871 1011 929 omnibus
1034 881 1169 930 vetustae
1192 873 1415 934 consuetudinis
1439 873 1570 948 vestigiis
1597 873 1689 930 desti·

353 983 429 1046 tuto,
464 976 515 1032 sed
544 975 641 1058 aliena
668 973 737 1032 item
766 993 784 1031 5
812 973 1007 1032 barbarismis
1035 975 1100 1031 aevi
1129 974 1271 1046 labentis,
1305 993 1483 1050 quamquam
1517 975 1688 1034 soloecismi

353 1076 438 1148 tales,
462 1077 566 1153 quales
590 1077 737 1134 tenuiores
760 1075 840 1133 omni
864 1083 960 1133 oetete
980 1076 1202 1148 commiserunt,
1224 1077 1255 1135 in
1271 1077 1317 1134 bis
1332 1095 1449 1152 quoque
1465 1076 1558 1134 titulis
1574 1076 1688 1152 passim

353 1178 621 1254 deprehenduntur.
667 1177 779 1234 Verum
803 1185 850 1235 est
872 1177 1031 1252 aliquoties
1057 1179 1181 1254 reperiri
1209 1179 1333 1253 plorolis
1360 1179 1606 1254 significationem
1633 1195 1689 1253 per

353 1281 481 1338 litteram
517 1290 678 1338 extremam
707 1279 886 1356 geminatam
916 1279 963 1337 vel
991 1278 1210 1356 triplicatum¹)
1243 1281 1371 1355 itemque
1401 1281 1526 1338 duorum
1553 1280 1688 1356 adeoque

353 1382 442 1439 trium
466 1384 670 1458 Augustorum
694 1381 873 1440 mentionem
897 1378 1021 1454 inioi²);
1051 1399 1105 1438 nee
1128 1381 1225 1438 minus
1249 1400 1350 1439 verum
1372 1393 1432 1452 est,
1462 1383 1487 1440 si
1513 1399 1687 1439 communes

353 1484 435 1560 leges
458 1484 627 1560 sequimur,
649 1493 709 1542 tam
732 1485 789 1542 hoo
811 1502 900 1558 quam
923 1483 975 1540 illo
998 1482 1107 1539 indicio
1130 1483 1168 1538 ad
1190 1484 1309 1540 tertium
1334 1483 1483 1542 saeculum
1505 1503 1567 1540 rem
1590 1491 1687 1542 treus·

352 1584 433 1642 ferri.
478 1588 520 1643 At
540 1585 772 1662 geminationem
794 1584 922 1660 pluralis
945 1569 1134 1660 significandi
1157 1584 1358 1643 5555555515
1380 1592 1497 1643 5555151
1521 1603 1581 1642 555
1603 1585 1687 1658 alibi,

353 1686 406 1744 sed
428 1687 458 1743 in
475 1687 577 1745 Africa
598 1689 656 1746 iem
672 1686 828 1745 Hadriano
850 1688 1016 1763 imperante
1041 1685 1294 1762 155551515551),
1316 1696 1349 1744 51
1363 1686 1392 1744 15
1408 1687 1576 1764 compendii
1590 1705 1688 1765 genus

353 1789 486 1848 conicias
509 1789 645 1867 coepisse
669 1808 687 1846 5
708 1788 923 1864 grammatistis
939 1786 1248 1867 Carthaginiensibus,
1270 1801 1466 1864 propagatum
1481 1791 1550 1848 inde
1565 1791 1688 1849 saeonlo

354 1891 488 1967 sequenti
512 1893 549 1948 ed
571 1892 690 1949 Italiam
713 1891 905 1968 reliquosque
927 1892 1105 1966 provincias.
1157 1891 1265 1949 Plures
1287 1891 1414 1968 Augusti
1438 1893 1587 1967 quomodo
1610 1894 1689 1951 enei·

353 1992 454 2067 piendi
475 1993 537 2051 sint
557 2004 590 2052 ut
613 1994 710 2052 adhue
732 2011 837 2068 parum
860 1993 1030 2068 constnt4),
1058 1993 1100 2052 ita
1120 2012 1207 2051 nemo
1231 1993 1338 2069 opinor
1359 2004 1481 2070 propter
1501 1995 1582 2053 huno
1604 2013 1687 2054 seru·

353 2094 455 2169 pulum
478 2095 581 2153 titulos
604 2096 744 2154 detrudet
758 2073 802 2152 ⁸ad
825 2095 975 2153 saeculum
999 2093 1111 2155 Severi,

395 2195 460 2253 Iam
488 2196 536 2256 ubi
563 2213 618 2256 nos
645 2197 845 2257 convertimus
873 2196 909 2254 ad
937 2197 1090 2256 titulorum
1118 2207 1336 2274 argumentum,
1368 2215 1445 2274 quae
1470 2199 1502 2257 in
1527 2199 1567 2258 iis
1594 2219 1689 2258 anun·

353 2298 464 2356 riantur
485 2297 626 2375 officiat)
655 2308 773 2376 praeter
794 2317 892 2376 panea
913 2299 1053 2358 militaria
1075 2300 1225 2378 pertinent
1246 2301 1283 2359 55
1305 2319 1366 2359 rem
1389 2300 1566 2360 familiarem
1594 2302 1688 2378 Impe-

413 2481 436 2544 ¹)
459 2480 529 2533 Caes.
549 2499 607 2532 555.
627 2497 676 2533 ser.
691 2482 716 2531 A
736 2500 762 2534 5.
777 2485 826 2544 24,·
851 2499 925 2550 proc.
944 2482 1085 2550 11599911
1105 2500 1130 2534 n.
1147 2484 1195 2547 63;
1222 2480 1323 2548 [55555
1341 2485 1442 2551 115999.
1464 2485 1487 2534 Α
1514 2501 1539 2535 5.
1555 2487 1588 2536 51
1612 2486 1690 2546 (sidit

353 2573 667 2642 8555151);Αυ99.551.
688 2574 902 2626 5151111511567.
924 2575 967 2625 68.
989 2577 1031 2625 83.

410 2663 435 2729 ²)
454 2663 555 2734 Hospes
575 2663 646 2717 0555.
665 2685 723 2718 noo.
743 2668 830 2718 55511
851 2684 876 2718 5.
890 2669 934 2718 21.
954 2694 987 2702 -
1010 2666 1039 2717 Ρ.
1054 2667 1325 2735 ,1511555595515515
1345 2667 1427 2720 tius
1446 2686 1473 2720 n.
1488 2667 1553 2732 2615
1574 2684 1689 2734 quocum

353 2760 523 2823 componendi
546 2766 605 2810 sunt
628 2761 694 2809 tituli
718 2760 810 2810 urbani
833 2757 940 2810 Publius
963 2759 1053 2810 Aeliae
1071 2759 1156 2826 Auyq.
1184 2759 1227 2810 lib.
1250 2758 1385 2812 Callistiou
1410 2762 1440 2813 G.
1454 2762 1476 2812 Ι.
1492 2761 1537 2813 Gr.
1558 2762 1631 2812 6346
1653 2781 1688 2804 --

353 2851 418 2901 0.1.
432 2853 462 2903 L.
476 2851 524 2913 vi,
540 2852 643 2914 106573
664 2849 696 2900 P.
710 2851 766 2902 Aet.
782 2851 867 2918 11599.
887 2849 930 2901 iit.
949 2849 1125 2917 Chrysanthus
1143 2851 1223 2903 Orell.
1239 2853 1309 2903 4509
1331 2873 1365 2895 --·
1386 2854 1415 2904 C.
1430 2857 1451 2905 1.
1465 2853 1495 2903 L.
1515 2853 1563 2914 VI,
1579 2855 1688 2914 rosim

354 2942 444 2993 Aelius
462 2960 528 2993 ...5
542 2944 679 3010 adaquator.
695 2941 764 3007 [tsi]
776 2943 811 2993 ib.
822 2944 870 3005 VI,
886 2943 976 2994 10610
995 2944 1143 3009 similesque
1162 2944 1241 2994 551511
1260 2945 1293 2995 55
1307 2945 1482 2996 1111555151515
1500 2943 1689 3011 1555115595-

352 3033 436 3100 955511.
458 3038 471 3084 1
492 3052 518 3101 p.
533 3037 595 3086 276.
642 3036 761 3086 Duorum
780 3035 956 3100 Augustorum
981 3037 1047 3086 servi
1071 3037 1189 3086 libertise
1213 3038 1308 3102 reperti
1332 3044 1392 3088 5551
1413 3053 1506 3102 magno
1525 3051 1635 3087 numero
1661 3039 1689 3086 in

354 3127 513 3178 columbario
534 3133 641 3194 utroque
666 3129 701 3189 (A
721 3145 747 3179 n.
763 3129 806 3178 51.
828 3129 871 3178 51.
893 3129 936 3179 61.
957 3129 1000 3179 66.
1021 3128 1064 3178 83.
1087 3128 1147 3178 toi.
1188 3126 1299 3179 Bmiss.
1320 3145 1345 3179 n.
1359 3131 1384 3180 9.
1405 3130 1449 3179 35.
1463 3129 1507 3181 49.
1522 3131 1566 3180 61.
1580 3130 1625 3180 65.
1643 3131 1688 3180 83.

354 3220 421 3271 Vall.
441 3219 555 3282 5118).
575 3247 609 3258 ·-
630 3218 706 3271 Proc.
726 3219 875 3286 11599911
895 3237 919 3272 u.
935 3221 978 3271 63.

412 3308 436 3372 ⁸)
459 3308 528 3362 0555.
547 3313 640 3378 legitur
657 3319 710 3363 tam
731 3313 758 3363 in
778 3319 880 3364 senatus
899 3313 1015 3364 consulto
1029 3313 1061 3362 de
1074 3313 1196 3362 nundinis
1209 3314 1289 3363 saltus
1299 3313 1440 3379 Beguensis
1453 3327 1478 3364 a.
1491 3314 1541 3364 136
1556 3313 1598 3374 (G.
1609 3315 1688 3376 VIII,

355 3402 418 3465 sio)
438 3418 514 3470 quam
533 3405 561 3455 in
580 3405 684 3456 decreto
702 3405 864 3456 Burunitano
882 3407 1026 3471 imperante
1046 3405 1190 3454 Commodo
1210 3405 1315 3470 scripto.
1353 3405 1393 3456 Ol.
1414 3405 1444 3456 (1.
1458 3405 1527 3457 VIII
1545 3421 1569 3470 p.
1586 3405 1670 3456 1060.

411 3493 436 3556 ⁴)
459 3493 530 3546 Caes.
549 3513 607 3547 orio.
627 3505 801 3548 5155515515
821 3497 903 3562 aeoipi
922 3497 1017 3562 poterit
1036 3497 1068 3546 da
1081 3497 1244 3562 Vespasiano
1258 3498 1318 3548 Tito
1328 3496 1490 3548 Domitiano.
1519 3499 1557 3548 At
1569 3496 1602 3547 P.
1615 3497 1693 3549 Aelii

353 3585 523 3653 stupratorem
542 3586 627 3640 liberti
645 3606 696 3655 quo
715 3591 819 3655 proprie
838 3590 992 3655 pertineant,
1011 3603 1105 3653 anceps
1125 3589 1241 3654 quaestio
1256 3595 1302 3638 est.
1335 3589 1418 3650 Quam
1433 3591 1567 3655 proposuit
1580 3589 1692 3640 Hirsch-

353 3679 447 3730 feldius
465 3679 483 3730 l.
497 3695 520 3730 e.
539 3682 777 3748 interpretationem
796 3681 934 3747 significari
953 3697 1006 3731 non
1019 3687 1072 3730 tam
1085 3681 1228 3746 prinoipem
1241 3681 1455 3731 manumissorem
1468 3696 1544 3747 quam
1557 3683 1693 3747 principes

354 3785 385 3822 eo
404 3778 532 3837 tempore,
558 3789 609 3839 quo
630 3774 718 3826 titulus
741 3775 839 3839 positus
864 3781 914 3836 est,
943 3775 1112 3839 imperantes,
1136 3787 1183 3837 per
1208 3787 1235 3822 se
1258 3779 1328 3822 15515
1350 3772 1440 3834 55551,
1465 3787 1524 3824 555
1545 3774 1693 3826 omarum

353 3864 393 3913 ius
412 3871 563 3929 patronatus
583 3881 640 3916 eum
660 3867 760 3932 reliqua
778 3881 867 3917 eorum
886 3881 914 3916 re
933 3866 1056 3916 familiari
1075 3865 1109 3914 ad
1127 3865 1255 3929 principes
1274 3865 1430 3929 posteriores
1449 3865 1590 3916 deseendit.
1634 3865 1693 3918 Sed

353 3955 390 4005 ita
408 3956 476 4007 tituli
495 3957 523 4007 51
537 3957 763 4023 Carthaginienses
782 3959 870 4022 seripti
889 3960 941 4009 sint
958 3971 1063 4008 neeesse
1082 3963 1120 4007 est
1138 3957 1186 4007 sub
1205 3957 1404 4021 imperatoribus
1416 3958 1507 4009 115155
1522 3965 1547 4008 51
1559 3959 1640 4019 Vero,
1663 3958 1693 4008 id

354 4048 424 4112 quod
443 4050 514 4100 nullo
533 4051 611 4101 modo
631 4051 734 4100 admitti
753 4051 855 4115 poterit
894 4052 1031 4100 Heuzenus
1049 4049 1177 4100 urbanum
1191 4049 1243 4111 VI,
1265 4050 1355 4100 10610
1373 4049 1557 4101 15155511155
1575 4050 1693 4100 1155115-

353 4155 415 4190 num
435 4148 461 4191 et
479 4142 615 4206 Sabinam,
640 4159 686 4209 per
705 4158 733 4194 ss
751 4144 814 4193 item
832 4149 914 4205 reeta3
938 4145 985 4194 sed
1004 4145 1059 4193 eius
1082 4145 1195 4196 mulieris
1219 4146 1318 4196 nullum
1341 4143 1465 4195 15515155
1490 4143 1557 4194 tituli
1577 4142 1694 4194 Cartha-

353 4233 483 4298 ginienses
502 4234 636 4286 dederunt.
679 4235 763 4297 Quam
784 4236 817 4285 ob
840 4250 895 4286 rem
918 4237 1070 4300 videndum,
1095 4253 1181 4290 annon
1204 4237 1311 4304 plurali·
1337 4237 1499 4288 oonseeutIve
1522 4235 1694 4301 accipiendus

354 4324 396 4384 sit,
416 4333 444 4375 51
463 4327 571 4378 duorum
584 4330 761 4392 Augustorum
780 4328 885 4379 libertus
905 4329 927 4378 is
946 4331 1097 4394 appelletur,
1118 4332 1162 4396 951
1181 4331 1355 4382 5555515555
1367 4330 1400 4380 55
1413 4328 1547 4380 Hadriano
1560 4336 1620 4394 post
1632 4329 1695 4378 5155

356 4417 451 4468 551155
471 4419 547 4469 Pium
566 4427 703 4485 patronum
722 4421 847 4470 55555111.
895 4421 960 4472 11151
979 4430 1028 4485 551,
1054 4423 1102 4474 bos
1120 4424 1208 4474 titulos
1228 4429 1326 4474 eertum
1345 4429 1384 4472 551
1406 4436 1461 4472 essa
1484 4423 1542 4471 5511
1561 4421 1694 4471 Hadriani

355 4515 381 4559 51
398 4510 449 4561 Ρ11.
474 4537 508 4547 -
531 4509 725 4564 Procuratorem
744 4513 818 4562 111515
837 4513 1007 4580 aequato-om
1026 4517 1070 4580 951
1088 4515 1298 4581 interpretabitur
1317 4515 1349 4564 ad
1370 4515 1516 4579 exemplum
1535 4515 1606 4564 55151
1625 4510 1695 4563 Coe·

354 4617 439 4652 aarum
458 4603 545 4667 11155,
565 4605 610 4654 vix
628 4605 805 4670 persuadebit,
825 4606 979 4672 debebitque
996 4607 1038 4658 hie
1057 4623 1158 4674 955955
1176 4609 1287 4659 tortasse
1305 4607 1388 4672 aeeipi
1408 4606 1440 4657 da
1460 4621 1491 4656 eo
1511 4607 1556 4672 951
1572 4605 1696 4671 pluribus

354 4695 550 4761 imperatoribus
569 4711 602 4746 ex
622 4697 714 4748 ordine
732 4699 887 4762 procuravit.

413 4784 438 4851 ὅ)
457 4789 489 4840 15
507 4789 652 4856 fragmento
670 4787 696 4839 Β
712 4789 782 4842 veli.
800 4792 894 4842 5141
915 4792 971 4842 viso
991 4792 1069 4844 stiam
1089 4792 1247 4846 Schmidtioe

907 4897 970 4941 5555
993 4911 1001 4926 ·
1019 4899 1064 4941 Ν·
1081 4898 1136 4942 SER

954 4983 970 5023 L
985 4983 1005 5024 Α
1021 4983 1040 5024 T
1057 4981 1079 5025 0
1094 4983 1134 5025 iti

889 5066 939 5108 51151
955 5066 992 5107 Τ·
1003 5067 1046 5109 ΑΝ
1058 5067 1136 5110 ·XXX

356 5167 418 5234 quid
437 5169 657 5221 15511115551155
677 5177 730 5234 5511
749 5171 859 5223 tortasse
879 5168 1063 5237 [caleu]latori.
