<?xml version="1.0" encoding="UTF-8"?>
<!DOCTYPE html PUBLIC "-//W3C//DTD XHTML 1.0 Transitional//EN"
    "http://www.w3.org/TR/xhtml1/DTD/xhtml1-transitional.dtd">
<html xmlns="http://www.w3.org/1999/xhtml" xml:lang="en" lang="en">
 <head>
  <title>
</title>
<meta http-equiv="Content-Type" content="text/html;charset=utf-8" />
  <meta name='ocr-system' content='tesseract 3.04.00' />
  <meta name='ocr-capabilities' content='ocr_page ocr_carea ocr_par ocr_line ocrx_word'/>
</head>
<body>
  <div class='ocr_page' id='page_1' title='image "./ephemerisepigra16instgoog_0171.png"; bbox 0 0 3574 5942; ppageno 0'>
   <div class='ocr_carea' id='block_1_1' title="bbox 358 448 1114 520">
    <p class='ocr_par' dir='ltr' id='par_1_1' title="bbox 358 448 1114 520">
     <span class='ocr_line' id='line_1_1' title="bbox 358 448 1114 520; baseline 0.001 -2"><span class='ocrx_word' id='word_1_1' title='bbox 358 448 428 519; x_wconf 84' lang='grc'><strong>158</strong></span> <span class='ocrx_word' id='word_1_2' title='bbox 930 467 1114 520; x_wconf 74' lang='grc' dir='ltr'><strong>Μοιιιιειιιι</strong></span> 
     </span>
    </p>
   </div>
   <div class='ocr_carea' id='block_1_2' title="bbox 323 639 1772 3165">
    <p class='ocr_par' dir='ltr' id='par_1_2' title="bbox 353 639 1687 1413">
     <span class='ocr_line' id='line_1_2' title="bbox 353 639 1685 720; baseline 0.003 -22"><span class='ocrx_word' id='word_1_3' title='bbox 353 641 471 717; x_wconf 91' lang='lat' dir='ltr'><strong>publice</strong></span> <span class='ocrx_word' id='word_1_4' title='bbox 493 648 717 718; x_wconf 81' lang='lat' dir='ltr'><strong>proponeretur.</strong></span> <span class='ocrx_word' id='word_1_5' title='bbox 765 639 831 698; x_wconf 92' lang='lat' dir='ltr'><strong>Hoc</strong></span> <span class='ocrx_word' id='word_1_6' title='bbox 857 642 934 698; x_wconf 90' lang='lat' dir='ltr'><strong>enim</strong></span> <span class='ocrx_word' id='word_1_7' title='bbox 958 643 983 698; x_wconf 90' lang='lat' dir='ltr'><strong>si</strong></span> <span class='ocrx_word' id='word_1_8' title='bbox 1007 643 1070 699; x_wconf 87' lang='lat' dir='ltr'><strong>iure</strong></span> <span class='ocrx_word' id='word_1_9' title='bbox 1092 641 1129 698; x_wconf 92' lang='lat' dir='ltr'><strong>ad</strong></span> <span class='ocrx_word' id='word_1_10' title='bbox 1153 642 1253 700; x_wconf 90' lang='lat' dir='ltr'><strong>omnia</strong></span> <span class='ocrx_word' id='word_1_11' title='bbox 1274 643 1339 700; x_wconf 91' lang='lat' dir='ltr'><strong>eius</strong></span> <span class='ocrx_word' id='word_1_12' title='bbox 1365 643 1482 720; x_wconf 82' lang='lat' dir='ltr'><strong>generis</strong></span> <span class='ocrx_word' id='word_1_13' title='bbox 1505 651 1685 702; x_wconf 86' lang='lat' dir='ltr'><strong>sacramenta</strong></span> 
     </span>
     <span class='ocr_line' id='line_1_3' title="bbox 355 742 1683 822; baseline 0.002 -23"><span class='ocrx_word' id='word_1_14' title='bbox 355 743 546 816; x_wconf 88' lang='lat' dir='ltr'><strong>pervenisset,</strong></span> <span class='ocrx_word' id='word_1_15' title='bbox 570 743 635 800; x_wconf 91' lang='lat' dir='ltr'><strong>sine</strong></span> <span class='ocrx_word' id='word_1_16' title='bbox 651 742 740 801; x_wconf 92' lang='lat' dir='ltr'><strong>dubio</strong></span> <span class='ocrx_word' id='word_1_17' title='bbox 763 743 823 800; x_wconf 87' lang='lat' dir='ltr'><strong>alia</strong></span> <span class='ocrx_word' id='word_1_18' title='bbox 845 743 933 819; x_wconf 90' lang='lat' dir='ltr'><strong>plura</strong></span> <span class='ocrx_word' id='word_1_19' title='bbox 955 743 1066 801; x_wconf 81' lang='lat' dir='ltr'><strong>similia</strong></span> <span class='ocrx_word' id='word_1_20' title='bbox 1087 744 1284 803; x_wconf 89' lang='lat' dir='ltr'><strong>instrumenta</strong></span> <span class='ocrx_word' id='word_1_21' title='bbox 1305 751 1511 821; x_wconf 80' lang='lat' dir='ltr'><strong>superessent3</strong></span> <span class='ocrx_word' id='word_1_22' title='bbox 1535 746 1615 822; x_wconf 91' lang='lat' dir='ltr'><strong>qnod</strong></span> <span class='ocrx_word' id='word_1_23' title='bbox 1629 745 1683 801; x_wconf 92' lang='lat' dir='ltr'><strong>dno</strong></span> 
     </span>
     <span class='ocr_line' id='line_1_4' title="bbox 355 845 1685 923; baseline 0.002 -22"><span class='ocrx_word' id='word_1_24' title='bbox 355 863 432 920; x_wconf 89' lang='lat' dir='ltr'><strong>quae</strong></span> <span class='ocrx_word' id='word_1_25' title='bbox 459 852 562 902; x_wconf 84' lang='lat' dir='ltr'>extant</span> <span class='ocrx_word' id='word_1_26' title='bbox 584 845 781 903; x_wconf 90' lang='lat' dir='ltr'><strong>Aritiensinm</strong></span> <span class='ocrx_word' id='word_1_27' title='bbox 805 854 835 902; x_wconf 90' lang='lat' dir='ltr'><strong>et</strong></span> <span class='ocrx_word' id='word_1_28' title='bbox 857 845 1017 903; x_wconf 90' lang='lat' dir='ltr'><strong>Assiorum</strong></span> <span class='ocrx_word' id='word_1_29' title='bbox 1040 845 1075 904; x_wconf 91' lang='lat' dir='ltr'><strong>ad</strong></span> <span class='ocrx_word' id='word_1_30' title='bbox 1099 866 1190 904; x_wconf 90' lang='lat' dir='ltr'><strong>unum</strong></span> <span class='ocrx_word' id='word_1_31' title='bbox 1214 845 1323 906; x_wconf 86' lang='lat' dir='ltr'><strong>Gaium</strong></span> <span class='ocrx_word' id='word_1_32' title='bbox 1351 847 1515 923; x_wconf 89' lang='lat' dir='ltr'><strong>pertinent,</strong></span> <span class='ocrx_word' id='word_1_33' title='bbox 1544 846 1685 923; x_wconf 86' lang='lat' dir='ltr'><strong>significat</strong></span> 
     </span>
     <span class='ocr_line' id='line_1_5' title="bbox 355 945 1684 1024; baseline 0.002 -22"><span class='ocrx_word' id='word_1_34' title='bbox 355 946 507 1022; x_wconf 83' lang='lat' dir='ltr'><strong>proprium</strong></span> <span class='ocrx_word' id='word_1_35' title='bbox 531 947 559 1003; x_wconf 93' lang='lat' dir='ltr'><strong>id</strong></span> <span class='ocrx_word' id='word_1_36' title='bbox 580 947 674 1005; x_wconf 87' lang='lat' dir='ltr'><strong>fuisse</strong></span> <span class='ocrx_word' id='word_1_37' title='bbox 691 947 872 1004; x_wconf 80' lang='lat' dir='ltr'><strong>sacramenti</strong></span> <span class='ocrx_word' id='word_1_38' title='bbox 889 945 1007 1004; x_wconf 88' lang='lat' dir='ltr'><strong>Gaiani.</strong></span> <span class='ocrx_word' id='word_1_39' title='bbox 1042 947 1147 1023; x_wconf 88' lang='lat' dir='ltr'><strong>Itaque</strong></span> <span class='ocrx_word' id='word_1_40' title='bbox 1170 948 1229 1006; x_wconf 89' lang='lat' dir='ltr'><strong>iam</strong></span> <span class='ocrx_word' id='word_1_41' title='bbox 1245 957 1412 1014; x_wconf 78' lang='lat' dir='ltr'><strong>statuemus</strong></span> <span class='ocrx_word' id='word_1_42' title='bbox 1429 948 1586 1007; x_wconf 85' lang='lat' dir='ltr'><strong>formulam</strong></span> <span class='ocrx_word' id='word_1_43' title='bbox 1602 967 1684 1024; x_wconf 86' lang='lat' dir='ltr'><strong>quam</strong></span> 
     </span>
     <span class='ocr_line' id='line_1_6' title="bbox 356 1047 1687 1126; baseline 0.003 -22"><span class='ocrx_word' id='word_1_44' title='bbox 356 1057 489 1106; x_wconf 91' lang='lat' dir='ltr'><strong>tenemus</strong></span> <span class='ocrx_word' id='word_1_45' title='bbox 513 1049 692 1107; x_wconf 88' lang='lat' dir='ltr'><strong>sacramenti</strong></span> <span class='ocrx_word' id='word_1_46' title='bbox 714 1047 792 1107; x_wconf 87' lang='lat' dir='ltr'><strong>Gaio</strong></span> <span class='ocrx_word' id='word_1_47' title='bbox 820 1049 955 1125; x_wconf 89' lang='lat' dir='ltr'><strong>praestiti</strong></span> <span class='ocrx_word' id='word_1_48' title='bbox 981 1050 1132 1125; x_wconf 88' lang='lat' dir='ltr'><strong>pertinere</strong></span> <span class='ocrx_word' id='word_1_49' title='bbox 1160 1050 1199 1107; x_wconf 88' lang='lat' dir='ltr'><strong>ad</strong></span> <span class='ocrx_word' id='word_1_50' title='bbox 1225 1051 1352 1126; x_wconf 90' lang='lat' dir='ltr'><strong>primum</strong></span> <span class='ocrx_word' id='word_1_51' title='bbox 1378 1059 1596 1109; x_wconf 87' lang='lat' dir='ltr'><strong>sacramentum</strong></span> <span class='ocrx_word' id='word_1_52' title='bbox 1623 1059 1687 1126; x_wconf 89' lang='lat' dir='ltr'><strong>post</strong></span> 
     </span>
     <span class='ocr_line' id='line_1_7' title="bbox 355 1150 1685 1227; baseline 0 -20"><span class='ocrx_word' id='word_1_53' title='bbox 355 1161 479 1208; x_wconf 90' lang='lat' dir='ltr'><strong>mortem</strong></span> <span class='ocrx_word' id='word_1_54' title='bbox 503 1150 616 1208; x_wconf 89' lang='lat' dir='ltr'><strong>Tiberii</strong></span> <span class='ocrx_word' id='word_1_55' title='bbox 645 1159 828 1225; x_wconf 81' lang='lat' dir='ltr'><strong>succeptum,</strong></span> <span class='ocrx_word' id='word_1_56' title='bbox 861 1151 1021 1227; x_wconf 85' lang='lat' dir='ltr'><strong>scriptores</strong></span> <span class='ocrx_word' id='word_1_57' title='bbox 1050 1162 1148 1210; x_wconf 90' lang='lat' dir='ltr'><strong>autem</strong></span> <span class='ocrx_word' id='word_1_58' title='bbox 1176 1168 1254 1226; x_wconf 89' lang='lat' dir='ltr'><strong>quae</strong></span> <span class='ocrx_word' id='word_1_59' title='bbox 1280 1152 1412 1210; x_wconf 88' lang='lat' dir='ltr'><strong>referunt</strong></span> <span class='ocrx_word' id='word_1_60' title='bbox 1439 1152 1478 1210; x_wconf 90' lang='lat' dir='ltr'><strong>ad</strong></span> <span class='ocrx_word' id='word_1_61' title='bbox 1505 1161 1685 1211; x_wconf 83' lang='lat' dir='ltr'><strong>sacramenta</strong></span> 
     </span>
     <span class='ocr_line' id='line_1_8' title="bbox 356 1252 1686 1330; baseline 0.002 -22"><span class='ocrx_word' id='word_1_62' title='bbox 356 1252 524 1326; x_wconf 89' lang='lat' dir='ltr'><strong>posteriora</strong></span> <span class='ocrx_word' id='word_1_63' title='bbox 549 1253 580 1310; x_wconf 85' lang='lat' dir='ltr'><strong>k.</strong></span> <span class='ocrx_word' id='word_1_64' title='bbox 608 1252 673 1310; x_wconf 90' lang='lat' dir='ltr'><strong>Ian.</strong></span> <span class='ocrx_word' id='word_1_65' title='bbox 702 1272 729 1310; x_wconf 92' lang='lat' dir='ltr'><strong>a.</strong></span> <span class='ocrx_word' id='word_1_66' title='bbox 753 1252 791 1310; x_wconf 90' lang='lat'><strong>38</strong></span> <span class='ocrx_word' id='word_1_67' title='bbox 820 1260 849 1322; x_wconf 82' lang='lat' dir='ltr'><strong>et</strong></span> <span class='ocrx_word' id='word_1_68' title='bbox 876 1253 1034 1328; x_wconf 87' lang='lat' dir='ltr'><strong>deinceps,</strong></span> <span class='ocrx_word' id='word_1_69' title='bbox 1066 1254 1109 1309; x_wconf 91' lang='lat' dir='ltr'><strong>ita</strong></span> <span class='ocrx_word' id='word_1_70' title='bbox 1141 1261 1241 1312; x_wconf 92' lang='lat' dir='ltr'><strong>tamen</strong></span> <span class='ocrx_word' id='word_1_71' title='bbox 1276 1262 1308 1312; x_wconf 91' lang='lat' dir='ltr'><strong>ut</strong></span> <span class='ocrx_word' id='word_1_72' title='bbox 1338 1255 1469 1313; x_wconf 81' lang='lat' dir='ltr'><strong>formula</strong></span> <span class='ocrx_word' id='word_1_73' title='bbox 1500 1255 1570 1312; x_wconf 90' lang='lat' dir='ltr'><strong>anni</strong></span> <span class='ocrx_word' id='word_1_74' title='bbox 1602 1254 1686 1330; x_wconf 87' lang='lat' dir='ltr'><strong>primi</strong></span> 
     </span>
     <span class='ocr_line' id='line_1_9' title="bbox 356 1353 981 1413; baseline 0.002 -3"><span class='ocrx_word' id='word_1_75' title='bbox 356 1364 489 1412; x_wconf 88' lang='lat' dir='ltr'><strong>maneret</strong></span> <span class='ocrx_word' id='word_1_76' title='bbox 511 1353 636 1412; x_wconf 89' lang='lat' dir='ltr'><strong>adiectis</strong></span> <span class='ocrx_word' id='word_1_77' title='bbox 658 1373 795 1413; x_wconf 88' lang='lat' dir='ltr'><strong>sororum</strong></span> <span class='ocrx_word' id='word_1_78' title='bbox 818 1355 981 1413; x_wconf 84' lang='lat' dir='ltr'><strong>vocabulis.</strong></span> 
     </span>
    </p>

    <p class='ocr_par' dir='ltr' id='par_1_3' title="bbox 355 1455 1772 2244">
     <span class='ocr_line' id='line_1_10' title="bbox 396 1455 1685 1534; baseline 0 -21"><span class='ocrx_word' id='word_1_79' title='bbox 396 1455 559 1513; x_wconf 89' lang='lat' dir='ltr'><strong>Praeterea</strong></span> <span class='ocrx_word' id='word_1_80' title='bbox 586 1474 662 1530; x_wconf 90' lang='lat' dir='ltr'><strong>quae</strong></span> <span class='ocrx_word' id='word_1_81' title='bbox 689 1457 719 1513; x_wconf 91' lang='lat' dir='ltr'><strong>in</strong></span> <span class='ocrx_word' id='word_1_82' title='bbox 747 1456 848 1514; x_wconf 90' lang='lat' dir='ltr'><strong>tabula</strong></span> <span class='ocrx_word' id='word_1_83' title='bbox 877 1457 968 1514; x_wconf 91' lang='lat' dir='ltr'><strong>Assia</strong></span> <span class='ocrx_word' id='word_1_84' title='bbox 996 1457 1134 1532; x_wconf 87' lang='lat' dir='ltr'><strong>leguntur</strong></span> <span class='ocrx_word' id='word_1_85' title='bbox 1159 1457 1331 1532; x_wconf 82' lang='lat' dir='ltr'><strong>interpretis</strong></span> <span class='ocrx_word' id='word_1_86' title='bbox 1359 1477 1481 1534; x_wconf 90' lang='lat' dir='ltr'><strong>operam</strong></span> <span class='ocrx_word' id='word_1_87' title='bbox 1507 1477 1567 1516; x_wconf 90' lang='lat' dir='ltr'><strong>non</strong></span> <span class='ocrx_word' id='word_1_88' title='bbox 1593 1457 1685 1532; x_wconf 91' lang='lat' dir='ltr'><strong>requi·</strong></span> 
     </span>
     <span class='ocr_line' id='line_1_11' title="bbox 356 1555 1685 1635; baseline 0.001 -20"><span class='ocrx_word' id='word_1_89' title='bbox 356 1567 432 1615; x_wconf 92' lang='lat' dir='ltr'><strong>runt.</strong></span> <span class='ocrx_word' id='word_1_90' title='bbox 479 1555 574 1615; x_wconf 87' lang='lat' dir='ltr'><strong>Gaius</strong></span> <span class='ocrx_word' id='word_1_91' title='bbox 597 1566 685 1615; x_wconf 88' lang='lat' dir='ltr'><strong>natus</strong></span> <span class='ocrx_word' id='word_1_92' title='bbox 709 1577 736 1615; x_wconf 89' lang='lat' dir='ltr'><strong>a.</strong></span> <span class='ocrx_word' id='word_1_93' title='bbox 754 1556 791 1614; x_wconf 80' lang='lat'><strong>12</strong></span> <span class='ocrx_word' id='word_1_94' title='bbox 815 1556 909 1635; x_wconf 86' lang='lat' dir='ltr'><strong>(Aug.</strong></span> <span class='ocrx_word' id='word_1_95' title='bbox 927 1558 980 1632; x_wconf 90' lang='lat'><strong>31)</strong></span> <span class='ocrx_word' id='word_1_96' title='bbox 1009 1568 1148 1634; x_wconf 90' lang='lat' dir='ltr'><strong>parentes</strong></span> <span class='ocrx_word' id='word_1_97' title='bbox 1171 1560 1311 1616; x_wconf 85' lang='lat' dir='ltr'><strong>sexennis</strong></span> <span class='ocrx_word' id='word_1_98' title='bbox 1333 1561 1364 1617; x_wconf 88' lang='lat' dir='ltr'><strong>in</strong></span> <span class='ocrx_word' id='word_1_99' title='bbox 1387 1557 1507 1635; x_wconf 82' lang='lat' dir='ltr'><strong>Syriam</strong></span> <span class='ocrx_word' id='word_1_100' title='bbox 1529 1561 1685 1618; x_wconf 83' lang='lat' dir='ltr'><strong>comitatus</strong></span> 
     </span>
     <span class='ocr_line' id='line_1_12' title="bbox 357 1657 1687 1734; baseline -0.001 -16"><span class='ocrx_word' id='word_1_101' title='bbox 357 1657 533 1734; x_wconf 83' lang='lat' dir='ltr'><strong>(Suetonius</strong></span> <span class='ocrx_word' id='word_1_102' title='bbox 554 1677 579 1716; x_wconf 88' lang='lat' dir='ltr'><strong>c.</strong></span> <span class='ocrx_word' id='word_1_103' title='bbox 596 1659 629 1734; x_wconf 83' lang='lat'><strong>9)</strong></span> <span class='ocrx_word' id='word_1_104' title='bbox 657 1659 763 1718; x_wconf 87' lang='lat' dir='ltr'><strong>Asiam</strong></span> <span class='ocrx_word' id='word_1_105' title='bbox 790 1676 911 1734; x_wconf 87' lang='lat' dir='ltr'><strong>quoque</strong></span> <span class='ocrx_word' id='word_1_106' title='bbox 939 1661 1121 1734; x_wconf 88' lang='lat' dir='ltr'><strong>provinciam</strong></span> <span class='ocrx_word' id='word_1_107' title='bbox 1149 1669 1211 1718; x_wconf 90' lang='lat' dir='ltr'><strong>tum</strong></span> <span class='ocrx_word' id='word_1_108' title='bbox 1239 1661 1325 1733; x_wconf 82' lang='lat' dir='ltr'><strong>adiit3</strong></span> <span class='ocrx_word' id='word_1_109' title='bbox 1353 1662 1374 1720; x_wconf 92' lang='lat' dir='ltr'><strong>ii</strong></span> <span class='ocrx_word' id='word_1_110' title='bbox 1401 1662 1479 1719; x_wconf 88' lang='lat' dir='ltr'><strong>enim</strong></span> <span class='ocrx_word' id='word_1_111' title='bbox 1506 1661 1544 1719; x_wconf 88' lang='lat' dir='ltr'><strong>ab</strong></span> <span class='ocrx_word' id='word_1_112' title='bbox 1566 1660 1687 1718; x_wconf 83' lang='lat' dir='ltr'><strong>Euboea</strong></span> 
     </span>
     <span class='ocr_line' id='line_1_13' title="bbox 355 1760 1687 1837; baseline 0 -19"><span class='ocrx_word' id='word_1_113' title='bbox 355 1760 485 1820; x_wconf 84' lang='lat' dir='ltr'><strong>Lesbum</strong></span> <span class='ocrx_word' id='word_1_114' title='bbox 508 1760 636 1836; x_wconf 87' lang='lat' dir='ltr'><strong>profecti</strong></span> <span class='ocrx_word' id='word_1_115' title='bbox 657 1772 735 1831; x_wconf 86' lang='lat' dir='ltr'><strong>sunt,</strong></span> <span class='ocrx_word' id='word_1_116' title='bbox 758 1762 809 1819; x_wconf 91' lang='lat' dir='ltr'><strong>nbi</strong></span> <span class='ocrx_word' id='word_1_117' title='bbox 825 1762 962 1837; x_wconf 82' lang='lat' dir='ltr'><strong>Agrippa</strong></span> <span class='ocrx_word' id='word_1_118' title='bbox 980 1762 1087 1820; x_wconf 88' lang='lat' dir='ltr'><strong>Iuliam</strong></span> <span class='ocrx_word' id='word_1_119' title='bbox 1111 1763 1202 1820; x_wconf 84' lang='lat' dir='ltr'><strong>enixa</strong></span> <span class='ocrx_word' id='word_1_120' title='bbox 1222 1773 1278 1834; x_wconf 88' lang='lat' dir='ltr'><strong>est,</strong></span> <span class='ocrx_word' id='word_1_121' title='bbox 1300 1773 1330 1821; x_wconf 92' lang='lat' dir='ltr'><strong>et</strong></span> <span class='ocrx_word' id='word_1_122' title='bbox 1350 1763 1429 1834; x_wconf 84' lang='lat' dir='ltr'><strong>inde,</strong></span> <span class='ocrx_word' id='word_1_123' title='bbox 1453 1763 1550 1821; x_wconf 80' lang='lat' dir='ltr'><strong>nteit</strong></span> <span class='ocrx_word' id='word_1_124' title='bbox 1564 1762 1687 1820; x_wconf 82' lang='lat' dir='ltr'><strong>Tacitus</strong></span> 
     </span>
     <span class='ocr_line' id='line_1_14' title="bbox 356 1861 1689 1941; baseline 0.002 -22"><span class='ocrx_word' id='word_1_125' title='bbox 356 1883 423 1920; x_wconf 89' lang='lat' dir='ltr'><strong>ann.</strong></span> <span class='ocrx_word' id='word_1_126' title='bbox 441 1861 469 1933; x_wconf 81' lang='grc'><strong>2,</strong></span> <span class='ocrx_word' id='word_1_127' title='bbox 493 1863 546 1935; x_wconf 86' lang='grc'><strong>54,</strong></span> <span class='ocrx_word' id='word_1_128' title='bbox 573 1872 696 1921; x_wconf 83' lang='lat' dir='ltr'><strong>eatrema</strong></span> <span class='ocrx_word' id='word_1_129' title='bbox 716 1863 806 1922; x_wconf 83' lang='lat' dir='ltr'><strong>Asiae</strong></span> <span class='ocrx_word' id='word_1_130' title='bbox 827 1863 1045 1939; x_wconf 74' lang='lat' dir='ltr'><strong>Perinthumque</strong></span> <span class='ocrx_word' id='word_1_131' title='bbox 1071 1883 1106 1922; x_wconf 85' lang='lat' dir='ltr'><strong>aa</strong></span> <span class='ocrx_word' id='word_1_132' title='bbox 1128 1864 1300 1941; x_wconf 73' lang='lat' dir='ltr'><strong>Byzantium</strong></span> <span class='ocrx_word' id='word_1_133' title='bbox 1327 1863 1526 1924; x_wconf 86' lang='lat' dir='ltr'><strong>Germanicus</strong></span> <span class='ocrx_word' id='word_1_134' title='bbox 1552 1864 1689 1924; x_wconf 81' lang='lat' dir='ltr'><strong>lustravit</strong></span> 
     </span>
     <span class='ocr_line' id='line_1_15' title="bbox 356 1964 1688 2044; baseline 0 -22"><span class='ocrx_word' id='word_1_135' title='bbox 356 1966 486 2040; x_wconf 83' lang='lat' dir='ltr'><strong>cupidine</strong></span> <span class='ocrx_word' id='word_1_136' title='bbox 507 1973 611 2023; x_wconf 83' lang='lat' dir='ltr'><strong>ueteres</strong></span> <span class='ocrx_word' id='word_1_137' title='bbox 634 1964 707 2022; x_wconf 86' lang='lat' dir='ltr'><strong>locos</strong></span> <span class='ocrx_word' id='word_1_138' title='bbox 731 1966 855 2040; x_wconf 86' lang='lat' dir='ltr'><strong>etfama</strong></span> <span class='ocrx_word' id='word_1_139' title='bbox 877 1965 1029 2023; x_wconf 81' lang='lat' dir='ltr'><strong>celebratos</strong></span> <span class='ocrx_word' id='word_1_140' title='bbox 1050 1969 1194 2025; x_wconf 80' lang='lat' dir='ltr'><strong>uescendi.</strong></span> <span class='ocrx_word' id='word_1_141' title='bbox 1238 1967 1287 2024; x_wconf 90' lang='lat' dir='ltr'><strong>lta</strong></span> <span class='ocrx_word' id='word_1_142' title='bbox 1308 1967 1422 2026; x_wconf 90' lang='lat' dir='ltr'><strong>Assum</strong></span> <span class='ocrx_word' id='word_1_143' title='bbox 1444 1984 1562 2044; x_wconf 87' lang='lat' dir='ltr'><strong>quoque</strong></span> <span class='ocrx_word' id='word_1_144' title='bbox 1584 1966 1688 2024; x_wconf 90' lang='lat' dir='ltr'><strong>adierit</strong></span> 
     </span>
     <span class='ocr_line' id='line_1_16' title="bbox 356 2065 1689 2145; baseline 0.001 -20"><span class='ocrx_word' id='word_1_145' title='bbox 356 2085 477 2125; x_wconf 88' lang='lat' dir='ltr'><strong>necesse</strong></span> <span class='ocrx_word' id='word_1_146' title='bbox 500 2075 555 2138; x_wconf 89' lang='lat' dir='ltr'><strong>est,</strong></span> <span class='ocrx_word' id='word_1_147' title='bbox 578 2084 638 2142; x_wconf 90' lang='lat' dir='ltr'><strong>quo</strong></span> <span class='ocrx_word' id='word_1_148' title='bbox 654 2067 779 2142; x_wconf 85' lang='lat' dir='ltr'><strong>appellit</strong></span> <span class='ocrx_word' id='word_1_149' title='bbox 793 2087 811 2124; x_wconf 90' lang='lat' dir='ltr'><strong>a</strong></span> <span class='ocrx_word' id='word_1_150' title='bbox 825 2065 926 2125; x_wconf 86' lang='lat' dir='ltr'><strong>Lesbo</strong></span> <span class='ocrx_word' id='word_1_151' title='bbox 942 2069 1141 2127; x_wconf 86' lang='lat' dir='ltr'><strong>continentem</strong></span> <span class='ocrx_word' id='word_1_152' title='bbox 1161 2078 1280 2145; x_wconf 82' lang='lat' dir='ltr'><strong>petens3</strong></span> <span class='ocrx_word' id='word_1_153' title='bbox 1303 2068 1383 2126; x_wconf 90' lang='lat' dir='ltr'><strong>filius</strong></span> <span class='ocrx_word' id='word_1_154' title='bbox 1398 2078 1497 2126; x_wconf 87' lang='lat' dir='ltr'><strong>tamen</strong></span> <span class='ocrx_word' id='word_1_155' title='bbox 1513 2087 1582 2126; x_wconf 87' lang='lat' dir='ltr'><strong>enm</strong></span> <span class='ocrx_word' id='word_1_156' title='bbox 1597 2075 1689 2126; x_wconf 87' lang='lat' dir='ltr'><strong>matre</strong></span> 
     </span>
     <span class='ocr_line' id='line_1_17' title="bbox 356 2167 1772 2244; baseline 0.001 -19"><span class='ocrx_word' id='word_1_157' title='bbox 356 2167 449 2226; x_wconf 87' lang='lat' dir='ltr'><strong>Lesbi</strong></span> <span class='ocrx_word' id='word_1_158' title='bbox 472 2171 615 2226; x_wconf 87' lang='lat' dir='ltr'><strong>remansit</strong></span> <span class='ocrx_word' id='word_1_159' title='bbox 641 2187 737 2244; x_wconf 89' lang='lat' dir='ltr'><strong>neque</strong></span> <span class='ocrx_word' id='word_1_160' title='bbox 760 2168 871 2226; x_wconf 87' lang='lat' dir='ltr'><strong>Assum</strong></span> <span class='ocrx_word' id='word_1_161' title='bbox 898 2171 993 2240; x_wconf 89' lang='lat' dir='ltr'><strong>venit,</strong></span> <span class='ocrx_word' id='word_1_162' title='bbox 1022 2188 1087 2227; x_wconf 91' lang='lat' dir='ltr'><strong>cum</strong></span> <span class='ocrx_word' id='word_1_163' title='bbox 1112 2171 1193 2228; x_wconf 91' lang='lat' dir='ltr'><strong>Assii</strong></span> <span class='ocrx_word' id='word_1_164' title='bbox 1220 2177 1333 2228; x_wconf 87' lang='lat' dir='ltr'><strong>tantum</strong></span> <span class='ocrx_word' id='word_1_165' title='bbox 1360 2170 1461 2229; x_wconf 89' lang='lat' dir='ltr'><strong>dicent</strong></span> <span class='ocrx_word' id='word_1_166' title='bbox 1485 2190 1551 2230; x_wconf 91' lang='lat' dir='ltr'><strong>eum</strong></span> <span class='ocrx_word' id='word_1_167' title='bbox 1580 2171 1688 2228; x_wconf 79' lang='lat' dir='ltr'><strong>adiisse</strong></span> <span class='ocrx_word' id='word_1_168' title='bbox 1771 2197 1772 2200; x_wconf 38' lang='lat'>¹</span> 
     </span>
    </p>

    <p class='ocr_par' dir='ltr' id='par_1_4' title="bbox 323 2259 1772 2432">
     <span class='ocr_line' id='line_1_18' title="bbox 323 2259 1772 2351; baseline 0.001 -24"><span class='ocrx_word' id='word_1_169' title='bbox 323 2337 332 2350; x_wconf 30' lang='grc' dir='ltr'>ν</span> <span class='ocrx_word' id='word_1_170' title='bbox 355 2270 551 2347; x_wconf 82' lang='lat' dir='ltr'><strong>provinciam,</strong></span> <span class='ocrx_word' id='word_1_171' title='bbox 574 2259 690 2351; x_wconf 69' lang='grc' dir='ltr'><em>πρώτως</em></span> <span class='ocrx_word' id='word_1_172' title='bbox 710 2269 854 2328; x_wconf 82' lang='lat' dir='ltr'><strong>addentes</strong></span> <span class='ocrx_word' id='word_1_173' title='bbox 876 2271 1057 2346; x_wconf 83' lang='lat' dir='ltr'><strong>adulatione,</strong></span> <span class='ocrx_word' id='word_1_174' title='bbox 1081 2272 1194 2332; x_wconf 87' lang='lat' dir='ltr'><strong>scilicet</strong></span> <span class='ocrx_word' id='word_1_175' title='bbox 1209 2290 1293 2349; x_wconf 89' lang='lat' dir='ltr'><strong>spem</strong></span> <span class='ocrx_word' id='word_1_176' title='bbox 1315 2272 1358 2330; x_wconf 88' lang='lat' dir='ltr'><strong>ita</strong></span> <span class='ocrx_word' id='word_1_177' title='bbox 1373 2272 1576 2349; x_wconf 84' lang='lat' dir='ltr'><strong>significantes</strong></span> <span class='ocrx_word' id='word_1_178' title='bbox 1600 2273 1689 2330; x_wconf 88' lang='lat' dir='ltr'><strong>iuturi</strong></span> <span class='ocrx_word' id='word_1_179' title='bbox 1771 2317 1772 2328; x_wconf 37' lang='grc' dir='ltr'><strong>ι</strong></span> 
     </span>
     <span class='ocr_line' id='line_1_19' title="bbox 356 2371 760 2432; baseline -0.002 -2"><span class='ocrx_word' id='word_1_180' title='bbox 356 2373 473 2430; x_wconf 87' lang='lat' dir='ltr'><strong>itineris</strong></span> <span class='ocrx_word' id='word_1_181' title='bbox 495 2371 604 2429; x_wconf 87' lang='lat' dir='ltr'><strong>Asiani</strong></span> <span class='ocrx_word' id='word_1_182' title='bbox 626 2372 760 2432; x_wconf 88' lang='lat' dir='ltr'><strong>alterins.</strong></span> 
     </span>
    </p>

    <p class='ocr_par' dir='ltr' id='par_1_5' title="bbox 356 2473 1772 3165">
     <span class='ocr_line' id='line_1_20' title="bbox 397 2473 1689 2546; baseline 0 -14"><span class='ocrx_word' id='word_1_183' title='bbox 397 2473 497 2532; x_wconf 92' lang='lat' dir='ltr'><strong>Unum</strong></span> <span class='ocrx_word' id='word_1_184' title='bbox 521 2473 628 2531; x_wconf 86' lang='lat' dir='ltr'><strong>addam</strong></span> <span class='ocrx_word' id='word_1_185' title='bbox 650 2474 811 2546; x_wconf 84' lang='lat' dir='ltr'><strong>diversum,</strong></span> <span class='ocrx_word' id='word_1_186' title='bbox 834 2475 887 2532; x_wconf 88' lang='lat' dir='ltr'><strong>sed</strong></span> <span class='ocrx_word' id='word_1_187' title='bbox 909 2477 1106 2535; x_wconf 86' lang='lat' dir='ltr'><strong>coniunctum.</strong></span> <span class='ocrx_word' id='word_1_188' title='bbox 1145 2474 1272 2538; x_wconf 86' lang='lat' dir='ltr'><strong>Sorores</strong></span> <span class='ocrx_word' id='word_1_189' title='bbox 1295 2475 1366 2538; x_wconf 84' lang='lat' dir='ltr'><strong>Gaii</strong></span> <span class='ocrx_word' id='word_1_190' title='bbox 1388 2496 1440 2536; x_wconf 90' lang='lat' dir='ltr'><strong>our</strong></span> <span class='ocrx_word' id='word_1_191' title='bbox 1460 2476 1560 2535; x_wconf 86' lang='lat' dir='ltr'><strong>absint</strong></span> <span class='ocrx_word' id='word_1_192' title='bbox 1583 2475 1622 2534; x_wconf 92' lang='lat' dir='ltr'><strong>ab</strong></span> <span class='ocrx_word' id='word_1_193' title='bbox 1643 2475 1689 2533; x_wconf 88' lang='lat' dir='ltr'><strong>his</strong></span> 
     </span>
     <span class='ocr_line' id='line_1_21' title="bbox 357 2575 1690 2650; baseline -0.001 -15"><span class='ocrx_word' id='word_1_194' title='bbox 357 2577 482 2646; x_wconf 87' lang='lat' dir='ltr'><strong>tabulis,</strong></span> <span class='ocrx_word' id='word_1_195' title='bbox 510 2593 602 2650; x_wconf 89' lang='lat' dir='ltr'><strong>supra</strong></span> <span class='ocrx_word' id='word_1_196' title='bbox 623 2575 786 2650; x_wconf 81' lang='lat' dir='ltr'><strong>explicavi3</strong></span> <span class='ocrx_word' id='word_1_197' title='bbox 814 2576 868 2635; x_wconf 88' lang='lat' dir='ltr'><strong>sed</strong></span> <span class='ocrx_word' id='word_1_198' title='bbox 895 2577 970 2636; x_wconf 92' lang='lat' dir='ltr'><strong>iussi</strong></span> <span class='ocrx_word' id='word_1_199' title='bbox 997 2579 1119 2637; x_wconf 87' lang='lat' dir='ltr'><strong>eiusde</strong></span> <span class='ocrx_word' id='word_1_200' title='bbox 1145 2598 1247 2638; x_wconf 89' lang='lat' dir='ltr'><strong>earnm</strong></span> <span class='ocrx_word' id='word_1_201' title='bbox 1274 2580 1445 2638; x_wconf 88' lang='lat' dir='ltr'><strong>nominibus</strong></span> <span class='ocrx_word' id='word_1_202' title='bbox 1468 2597 1524 2638; x_wconf 86' lang='lat' dir='ltr'><strong>suo</strong></span> <span class='ocrx_word' id='word_1_203' title='bbox 1546 2577 1690 2636; x_wconf 86' lang='lat' dir='ltr'><strong>addendis</strong></span> 
     </span>
     <span class='ocr_line' id='line_1_22' title="bbox 356 2677 1690 2755; baseline -0.001 -19"><span class='ocrx_word' id='word_1_204' title='bbox 356 2679 387 2736; x_wconf 92' lang='lat' dir='ltr'><strong>in</strong></span> <span class='ocrx_word' id='word_1_205' title='bbox 408 2677 603 2737; x_wconf 87' lang='lat' dir='ltr'><strong>sacramentis</strong></span> <span class='ocrx_word' id='word_1_206' title='bbox 626 2686 655 2734; x_wconf 91' lang='lat' dir='ltr'><strong>et</strong></span> <span class='ocrx_word' id='word_1_207' title='bbox 676 2677 706 2733; x_wconf 92' lang='lat' dir='ltr'><strong>in</strong></span> <span class='ocrx_word' id='word_1_208' title='bbox 724 2682 801 2736; x_wconf 82' lang='lat' dir='ltr'><strong>votis</strong></span> <span class='ocrx_word' id='word_1_209' title='bbox 825 2678 899 2755; x_wconf 92' lang='lat' dir='ltr'><strong>(Dio</strong></span> <span class='ocrx_word' id='word_1_210' title='bbox 915 2679 934 2737; x_wconf 93' lang='lat' dir='ltr'><strong>l.</strong></span> <span class='ocrx_word' id='word_1_211' title='bbox 951 2679 990 2755; x_wconf 90' lang='lat' dir='ltr'><strong>c.)</strong></span> <span class='ocrx_word' id='word_1_212' title='bbox 1013 2689 1042 2737; x_wconf 92' lang='lat' dir='ltr'><strong>et</strong></span> <span class='ocrx_word' id='word_1_213' title='bbox 1063 2680 1094 2738; x_wconf 93' lang='lat' dir='ltr'><strong>in</strong></span> <span class='ocrx_word' id='word_1_214' title='bbox 1116 2681 1274 2739; x_wconf 88' lang='lat' dir='ltr'><strong>consulum</strong></span> <span class='ocrx_word' id='word_1_215' title='bbox 1293 2682 1491 2740; x_wconf 87' lang='lat' dir='ltr'><strong>relationibus</strong></span> <span class='ocrx_word' id='word_1_216' title='bbox 1514 2679 1690 2755; x_wconf 88' lang='lat' dir='ltr'><strong>(Suetonius</strong></span> 
     </span>
     <span class='ocr_line' id='line_1_23' title="bbox 356 2779 1691 2858; baseline 0 -21"><span class='ocrx_word' id='word_1_217' title='bbox 356 2798 380 2838; x_wconf 87' lang='lat' dir='ltr'><strong>a.</strong></span> <span class='ocrx_word' id='word_1_218' title='bbox 401 2781 452 2839; x_wconf 78' lang='lat'><strong>15:</strong></span> <span class='ocrx_word' id='word_1_219' title='bbox 481 2782 558 2856; x_wconf 83' lang='lat' dir='ltr'><strong>quod</strong></span> <span class='ocrx_word' id='word_1_220' title='bbox 577 2781 679 2838; x_wconf 85' lang='lat' dir='ltr'><strong>bonum</strong></span> <span class='ocrx_word' id='word_1_221' title='bbox 698 2780 829 2856; x_wconf 70' lang='lat' dir='ltr'><strong>sellaque</strong></span> <span class='ocrx_word' id='word_1_222' title='bbox 850 2784 890 2839; x_wconf 82' lang='lat' dir='ltr'><strong>sit</strong></span> <span class='ocrx_word' id='word_1_223' title='bbox 912 2782 942 2840; x_wconf 81' lang='grc' dir='ltr'><strong>Ο.</strong></span> <span class='ocrx_word' id='word_1_224' title='bbox 962 2779 1082 2840; x_wconf 81' lang='lat' dir='ltr'><strong>Caesari</strong></span> <span class='ocrx_word' id='word_1_225' title='bbox 1102 2784 1301 2857; x_wconf 70' lang='lat' dir='ltr'><strong>amoribusque</strong></span> <span class='ocrx_word' id='word_1_226' title='bbox 1323 2782 1396 2858; x_wconf 76' lang='lat' dir='ltr'><strong>aas)</strong></span> <span class='ocrx_word' id='word_1_227' title='bbox 1424 2794 1454 2841; x_wconf 92' lang='lat' dir='ltr'><strong>et</strong></span> <span class='ocrx_word' id='word_1_228' title='bbox 1480 2783 1603 2840; x_wconf 89' lang='lat' dir='ltr'><strong>omnino</strong></span> <span class='ocrx_word' id='word_1_229' title='bbox 1630 2779 1691 2838; x_wconf 91' lang='lat' dir='ltr'><strong>nbi-</strong></span> 
     </span>
     <span class='ocr_line' id='line_1_24' title="bbox 357 2881 1772 2960; baseline -0.001 -20"><span class='ocrx_word' id='word_1_230' title='bbox 357 2901 483 2959; x_wconf 89' lang='lat' dir='ltr'><strong>cnmque</strong></span> <span class='ocrx_word' id='word_1_231' title='bbox 506 2882 688 2940; x_wconf 85' lang='lat' dir='ltr'><strong>sollemniter</strong></span> <span class='ocrx_word' id='word_1_232' title='bbox 701 2881 891 2958; x_wconf 90' lang='lat' dir='ltr'><strong>imperatoris</strong></span> <span class='ocrx_word' id='word_1_233' title='bbox 914 2903 1023 2942; x_wconf 89' lang='lat' dir='ltr'><strong>nomen</strong></span> <span class='ocrx_word' id='word_1_234' title='bbox 1045 2885 1090 2942; x_wconf 90' lang='lat' dir='ltr'><strong>sio</strong></span> <span class='ocrx_word' id='word_1_235' title='bbox 1105 2885 1280 2960; x_wconf 89' lang='lat' dir='ltr'><strong>ponebatur,</strong></span> <span class='ocrx_word' id='word_1_236' title='bbox 1303 2895 1495 2943; x_wconf 89' lang='lat' dir='ltr'><strong>monumenta</strong></span> <span class='ocrx_word' id='word_1_237' title='bbox 1516 2885 1587 2941; x_wconf 89' lang='lat' dir='ltr'><strong>item</strong></span> <span class='ocrx_word' id='word_1_238' title='bbox 1606 2881 1691 2941; x_wconf 79' lang='lat' dir='ltr'><strong>vesti·</strong></span> <span class='ocrx_word' id='word_1_239' title='bbox 1771 2919 1772 2924; x_wconf 22' lang='grc' dir='ltr'><strong>ι</strong></span> 
     </span>
     <span class='ocr_line' id='line_1_25' title="bbox 356 2983 1690 3061; baseline 0 -19"><span class='ocrx_word' id='word_1_240' title='bbox 356 2985 440 3061; x_wconf 84' lang='lat' dir='ltr'><strong>giam</strong></span> <span class='ocrx_word' id='word_1_241' title='bbox 469 2992 626 3042; x_wconf 89' lang='lat' dir='ltr'><strong>servarunt</strong></span> <span class='ocrx_word' id='word_1_242' title='bbox 650 2983 746 3042; x_wconf 87' lang='lat' dir='ltr'><strong>adhuc</strong></span> <span class='ocrx_word' id='word_1_243' title='bbox 772 3002 832 3042; x_wconf 90' lang='lat' dir='ltr'><strong>non</strong></span> <span class='ocrx_word' id='word_1_244' title='bbox 859 2985 1002 3061; x_wconf 81' lang='lat' dir='ltr'><strong>agnitum.</strong></span> <span class='ocrx_word' id='word_1_245' title='bbox 1051 2984 1169 3046; x_wconf 88' lang='lat' dir='ltr'><strong>Scilicet</strong></span> <span class='ocrx_word' id='word_1_246' title='bbox 1195 2995 1263 3044; x_wconf 90' lang='lat' dir='ltr'><strong>acta</strong></span> <span class='ocrx_word' id='word_1_247' title='bbox 1283 2986 1440 3045; x_wconf 85' lang='lat' dir='ltr'><strong>Arvalium</strong></span> <span class='ocrx_word' id='word_1_248' title='bbox 1466 3005 1494 3044; x_wconf 84' lang='lat' dir='ltr'><strong>a.</strong></span> <span class='ocrx_word' id='word_1_249' title='bbox 1511 2986 1550 3044; x_wconf 90' lang='lat'><strong>38</strong></span> <span class='ocrx_word' id='word_1_250' title='bbox 1577 2985 1690 3044; x_wconf 87' lang='lat' dir='ltr'><strong>mensis</strong></span> 
     </span>
     <span class='ocr_line' id='line_1_26' title="bbox 357 3085 1320 3165; baseline 0.002 -21"><span class='ocrx_word' id='word_1_251' title='bbox 357 3086 491 3145; x_wconf 87' lang='lat' dir='ltr'><strong>ianuarii</strong></span> <span class='ocrx_word' id='word_1_252' title='bbox 512 3085 681 3145; x_wconf 87' lang='lat' dir='ltr'><strong>indictionis</strong></span> <span class='ocrx_word' id='word_1_253' title='bbox 703 3085 847 3162; x_wconf 90' lang='lat' dir='ltr'><strong>reliquias</strong></span> <span class='ocrx_word' id='word_1_254' title='bbox 870 3086 1051 3163; x_wconf 76' lang='lat' dir='ltr'><strong>exhibentl)</strong></span> <span class='ocrx_word' id='word_1_255' title='bbox 1074 3088 1119 3147; x_wconf 87' lang='lat' dir='ltr'><strong>sic</strong></span> <span class='ocrx_word' id='word_1_256' title='bbox 1142 3088 1320 3165; x_wconf 85' lang='lat' dir='ltr'><strong>explendas:</strong></span> 
     </span>
    </p>
   </div>
   <div class='ocr_carea' id='block_1_3' title="bbox 505 3201 1533 3458">
    <p class='ocr_par' dir='ltr' id='par_1_6' title="bbox 505 3201 1533 3458">
     <span class='ocr_line' id='line_1_27' title="bbox 505 3201 1524 3297; baseline 0.004 -17"><span class='ocrx_word' id='word_1_257' title='bbox 505 3201 641 3297; x_wconf 50' lang='lat' dir='ltr'><strong>&#39;Quod</strong></span> <span class='ocrx_word' id='word_1_258' title='bbox 672 3240 750 3281; x_wconf 77' lang='lat' dir='ltr'><strong>batam</strong></span> <span class='ocrx_word' id='word_1_259' title='bbox 778 3239 843 3290; x_wconf 73' lang='lat' dir='ltr'><strong>faust</strong></span> <span class='ocrx_word' id='word_1_260' title='bbox 888 3241 912 3282; x_wconf 82' lang='lat' dir='ltr'><strong>m</strong></span> <span class='ocrx_word' id='word_1_261' title='bbox 927 3243 985 3292; x_wconf 69' lang='lat' dir='ltr'><strong>setis</strong></span> <span class='ocrx_word' id='word_1_262' title='bbox 999 3243 1135 3292; x_wconf 69' lang='lat' dir='ltr'><strong>sarmentum</strong></span> <span class='ocrx_word' id='word_1_263' title='bbox 1155 3245 1273 3295; x_wconf 62' lang='lat' dir='ltr'><strong>tatamen.</strong></span> <span class='ocrx_word' id='word_1_264' title='bbox 1287 3243 1317 3284; x_wconf 77' lang='lat' dir='ltr'><strong>ait</strong></span> <span class='ocrx_word' id='word_1_265' title='bbox 1337 3253 1354 3284; x_wconf 87' lang='lat' dir='ltr'><strong>e.</strong></span> <span class='ocrx_word' id='word_1_266' title='bbox 1370 3242 1459 3284; x_wconf 74' lang='lat' dir='ltr'><strong>caesari</strong></span> <span class='ocrx_word' id='word_1_267' title='bbox 1479 3253 1524 3294; x_wconf 74' lang='lat' dir='ltr'><strong>aaa</strong></span> 
     </span>
     <span class='ocr_line' id='line_1_28' title="bbox 574 3285 1533 3458; baseline 0.003 -74"><span class='ocrx_word' id='word_1_268' title='bbox 574 3285 731 3458; x_wconf 43' lang='grc' dir='ltr'><strong>ῦῆιηαιιίοο</strong></span> <span class='ocrx_word' id='word_1_269' title='bbox 752 3341 796 3394; x_wconf 79' lang='lat' dir='ltr'><strong>tpei</strong></span> <span class='ocrx_word' id='word_1_270' title='bbox 817 3353 841 3384; x_wconf 83' lang='grc' dir='ltr'><strong>ιο</strong></span> <span class='ocrx_word' id='word_1_271' title='bbox 873 3343 986 3396; x_wconf 67' lang='lat' dir='ltr'><strong>onitate.</strong></span> <span class='ocrx_word' id='word_1_272' title='bbox 1001 3345 1044 3386; x_wconf 77' lang='grc' dir='ltr'><strong>ιίιιι</strong></span> <span class='ocrx_word' id='word_1_273' title='bbox 1063 3345 1250 3397; x_wconf 64' lang='lat' dir='ltr'><strong>manumittente</strong></span> <span class='ocrx_word' id='word_1_274' title='bbox 1266 3344 1398 3396; x_wconf 73' lang='lat' dir='ltr'><strong>frutribaeq.</strong></span> <span class='ocrx_word' id='word_1_275' title='bbox 1420 3345 1533 3387; x_wconf 76' lang='lat' dir='ltr'><strong>matter</strong></span> 
     </span>
    </p>
   </div>
   <div class='ocr_carea' id='block_1_4' title="bbox 512 3444 1545 4203">
    <p class='ocr_par' dir='ltr' id='par_1_7' title="bbox 572 3444 1175 3498">
     <span class='ocr_line' id='line_1_29' title="bbox 572 3444 1175 3498; baseline 0.003 -12"><span class='ocrx_word' id='word_1_276' title='bbox 572 3445 690 3497; x_wconf 72' lang='lat' dir='ltr'><strong>inlitique</strong></span> <span class='ocrx_word' id='word_1_277' title='bbox 752 3444 814 3486; x_wconf 76' lang='lat' dir='ltr'><strong>sacri</strong></span> <span class='ocrx_word' id='word_1_278' title='bbox 828 3445 980 3488; x_wconf 70' lang='lat' dir='ltr'><strong>etetvmurt</strong></span> <span class='ocrx_word' id='word_1_279' title='bbox 1003 3449 1049 3488; x_wconf 82' lang='lat' dir='ltr'><strong>tuce</strong></span> <span class='ocrx_word' id='word_1_280' title='bbox 1071 3447 1175 3498; x_wconf 60' lang='lat' dir='ltr'><strong>muroque</strong></span> 
     </span>
    </p>

    <p class='ocr_par' dir='ltr' id='par_1_8' title="bbox 575 3540 1291 3896">
     <span class='ocr_line' id='line_1_30' title="bbox 575 3540 1291 3600; baseline 0.003 -11"><span class='ocrx_word' id='word_1_281' title='bbox 575 3540 687 3590; x_wconf 64' lang='lat' dir='ltr'><strong>acres</strong></span> <span class='ocrx_word' id='word_1_282' title='bbox 706 3547 778 3589; x_wconf 78' lang='lat' dir='ltr'><strong>anis</strong></span> <span class='ocrx_word' id='word_1_283' title='bbox 793 3547 926 3590; x_wconf 74' lang='lat' dir='ltr'><strong>avavsrr</strong></span> <span class='ocrx_word' id='word_1_284' title='bbox 947 3548 1107 3590; x_wconf 71' lang='lat' dir='ltr'><strong>assurum</strong></span> <span class='ocrx_word' id='word_1_285' title='bbox 1126 3549 1229 3600; x_wconf 70' lang='lat' dir='ltr'><strong>maaet</strong></span> <span class='ocrx_word' id='word_1_286' title='bbox 1249 3550 1291 3591; x_wconf 71' lang='lat' dir='ltr'><strong>«ru</strong></span> 
     </span>
     <span class='ocr_line' id='line_1_31' title="bbox 837 3649 1205 3693; baseline -0.003 -1"><span class='ocrx_word' id='word_1_287' title='bbox 837 3649 1112 3692; x_wconf 60' lang='lat' dir='ltr'><strong>sav-ravum</strong></span> <span class='ocrx_word' id='word_1_288' title='bbox 1145 3651 1205 3693; x_wconf 71' lang='lat' dir='ltr'><strong>ame</strong></span> 
     </span>
     <span class='ocr_line' id='line_1_32' title="bbox 840 3751 1240 3795; baseline 0.005 -3"><span class='ocrx_word' id='word_1_289' title='bbox 840 3751 916 3793; x_wconf 61' lang='lat' dir='ltr'><strong>aa·</strong></span> <span class='ocrx_word' id='word_1_290' title='bbox 929 3751 1170 3795; x_wconf 72' lang='lat' dir='ltr'><strong>ruruuvruasuu</strong></span> <span class='ocrx_word' id='word_1_291' title='bbox 1193 3757 1240 3795; x_wconf 75' lang='lat' dir='ltr'><strong>ua</strong></span> 
     </span>
     <span class='ocr_line' id='line_1_33' title="bbox 842 3853 1282 3896; baseline 0 -1"><span class='ocrx_word' id='word_1_292' title='bbox 842 3853 1120 3896; x_wconf 74' lang='lat' dir='ltr'><strong>a·n·1u·r·rvmss</strong></span> <span class='ocrx_word' id='word_1_293' title='bbox 1224 3855 1282 3896; x_wconf 80' lang='lat' dir='ltr'><strong>amr</strong></span> 
     </span>
    </p>

    <p class='ocr_par' dir='ltr' id='par_1_9' title="bbox 512 3957 1545 4203">
     <span class='ocr_line' id='line_1_34' title="bbox 911 3957 1202 3999; baseline -0.003 -1"><span class='ocrx_word' id='word_1_294' title='bbox 911 3957 1202 3999; x_wconf 55' lang='lat' dir='ltr'><strong>enarraremus</strong></span> 
     </span>
     <span class='ocr_line' id='line_1_35' title="bbox 512 4041 1545 4110; baseline 0 -11"><span class='ocrx_word' id='word_1_295' title='bbox 512 4057 644 4100; x_wconf 77' lang='lat' dir='ltr'><strong>mvnvs·</strong></span> <span class='ocrx_word' id='word_1_296' title='bbox 653 4041 1215 4101; x_wconf 66' lang='lat' dir='ltr'><strong>srrrlnvseonvlavsrromersra</strong></span> <span class='ocrx_word' id='word_1_297' title='bbox 1230 4057 1420 4110; x_wconf 57' lang='lat' dir='ltr'><strong>conversam</strong></span> <span class='ocrx_word' id='word_1_298' title='bbox 1434 4059 1545 4099; x_wconf 67' lang='lat' dir='ltr'><strong>manem</strong></span> 
     </span>
     <span class='ocr_line' id='line_1_36' title="bbox 575 4159 1518 4203; baseline 0.001 -4"><span class='ocrx_word' id='word_1_299' title='bbox 575 4159 764 4203; x_wconf 74' lang='lat' dir='ltr'><strong>nonme-uu</strong></span> <span class='ocrx_word' id='word_1_300' title='bbox 788 4159 894 4202; x_wconf 73' lang='lat' dir='ltr'><strong>causo</strong></span> <span class='ocrx_word' id='word_1_301' title='bbox 914 4161 955 4201; x_wconf 75' lang='lat' dir='ltr'><strong>sn</strong></span> <span class='ocrx_word' id='word_1_302' title='bbox 973 4161 1060 4202; x_wconf 76' lang='lat' dir='ltr'><strong>anan</strong></span> <span class='ocrx_word' id='word_1_303' title='bbox 1075 4159 1161 4202; x_wconf 73' lang='lat' dir='ltr'><strong>eac1s</strong></span> <span class='ocrx_word' id='word_1_304' title='bbox 1178 4190 1184 4202; x_wconf 94' lang='lat'>.</span> <span class='ocrx_word' id='word_1_305' title='bbox 1203 4189 1210 4201; x_wconf 90' lang='lat'><strong>.</strong></span> <span class='ocrx_word' id='word_1_306' title='bbox 1231 4187 1236 4199; x_wconf 95' lang='lat'>.</span> <span class='ocrx_word' id='word_1_307' title='bbox 1261 4189 1267 4202; x_wconf 93' lang='lat'><strong>.</strong></span> <span class='ocrx_word' id='word_1_308' title='bbox 1289 4191 1294 4202; x_wconf 85' lang='lat'>‚</span> <span class='ocrx_word' id='word_1_309' title='bbox 1316 4190 1321 4201; x_wconf 93' lang='lat'><em>.</em></span> <span class='ocrx_word' id='word_1_310' title='bbox 1342 4167 1351 4200; x_wconf 90' lang='lat'><em>:</em></span> <span class='ocrx_word' id='word_1_311' title='bbox 1373 4190 1379 4201; x_wconf 92' lang='lat'><em>.</em></span> <span class='ocrx_word' id='word_1_312' title='bbox 1399 4160 1518 4200; x_wconf 71' lang='lat' dir='ltr'><strong>maenae</strong></span> 
     </span>
    </p>
   </div>
   <div class='ocr_carea' id='block_1_5' title="bbox 358 4271 1772 4558">
    <p class='ocr_par' dir='ltr' id='par_1_10' title="bbox 358 4271 1772 4558">
     <span class='ocr_line' id='line_1_37' title="bbox 402 4271 1772 4355; baseline -0.001 -18"><span class='ocrx_word' id='word_1_313' title='bbox 402 4277 602 4338; x_wconf 72' lang='lat' dir='ltr'><strong>confirmatur</strong></span> <span class='ocrx_word' id='word_1_314' title='bbox 628 4281 671 4337; x_wconf 86' lang='lat' dir='ltr'><strong>ita</strong></span> <span class='ocrx_word' id='word_1_315' title='bbox 696 4281 776 4355; x_wconf 91' lang='lat' dir='ltr'><strong>quod</strong></span> <span class='ocrx_word' id='word_1_316' title='bbox 797 4279 858 4338; x_wconf 89' lang='lat' dir='ltr'><strong>Dio</strong></span> <span class='ocrx_word' id='word_1_317' title='bbox 886 4281 977 4338; x_wconf 88' lang='lat' dir='ltr'><strong>tradit</strong></span> <span class='ocrx_word' id='word_1_318' title='bbox 998 4280 1034 4338; x_wconf 92' lang='lat' dir='ltr'><strong>de</strong></span> <span class='ocrx_word' id='word_1_319' title='bbox 1056 4278 1219 4338; x_wconf 87' lang='lat' dir='ltr'><strong>adiciendis</strong></span> <span class='ocrx_word' id='word_1_320' title='bbox 1246 4277 1400 4338; x_wconf 86' lang='lat' dir='ltr'><strong>sororibus</strong></span> <span class='ocrx_word' id='word_1_321' title='bbox 1424 4277 1532 4338; x_wconf 86' lang='lat' dir='ltr'><strong>Gaium</strong></span> <span class='ocrx_word' id='word_1_322' title='bbox 1558 4279 1693 4338; x_wconf 84' lang='lat' dir='ltr'><strong>edixisse</strong></span> <span class='ocrx_word' id='word_1_323' title='bbox 1771 4271 1772 4352; x_wconf 75' lang='lat' dir='ltr'><strong>l</strong></span> 
     </span>
     <span class='ocr_line' id='line_1_38' title="bbox 358 4380 1772 4462; baseline -0.001 -24"><span class='ocrx_word' id='word_1_324' title='bbox 358 4380 456 4457; x_wconf 92' lang='lat' dir='ltr'><strong>primo</strong></span> <span class='ocrx_word' id='word_1_325' title='bbox 478 4381 595 4456; x_wconf 90' lang='lat' dir='ltr'><strong>imperii</strong></span> <span class='ocrx_word' id='word_1_326' title='bbox 611 4400 689 4440; x_wconf 90' lang='lat' dir='ltr'><strong>anno</strong></span> <span class='ocrx_word' id='word_1_327' title='bbox 712 4389 742 4440; x_wconf 93' lang='lat' dir='ltr'><strong>et</strong></span> <span class='ocrx_word' id='word_1_328' title='bbox 762 4382 821 4439; x_wconf 88' lang='lat' dir='ltr'><strong>iam</strong></span> <span class='ocrx_word' id='word_1_329' title='bbox 843 4401 870 4440; x_wconf 87' lang='lat' dir='ltr'><strong>a.</strong></span> <span class='ocrx_word' id='word_1_330' title='bbox 887 4381 925 4440; x_wconf 81' lang='lat'><strong>38</strong></span> <span class='ocrx_word' id='word_1_331' title='bbox 949 4382 1107 4458; x_wconf 89' lang='lat' dir='ltr'><strong>incipiente</strong></span> <span class='ocrx_word' id='word_1_332' title='bbox 1123 4382 1284 4440; x_wconf 89' lang='lat' dir='ltr'><strong>secundnm</strong></span> <span class='ocrx_word' id='word_1_333' title='bbox 1308 4399 1374 4442; x_wconf 89' lang='lat' dir='ltr'><strong>eam</strong></span> <span class='ocrx_word' id='word_1_334' title='bbox 1391 4381 1518 4439; x_wconf 88' lang='lat' dir='ltr'><strong>formam</strong></span> <span class='ocrx_word' id='word_1_335' title='bbox 1533 4389 1605 4440; x_wconf 85' lang='lat' dir='ltr'><strong>vota</strong></span> <span class='ocrx_word' id='word_1_336' title='bbox 1627 4381 1695 4440; x_wconf 91' lang='lat' dir='ltr'><strong>reli·</strong></span> <span class='ocrx_word' id='word_1_337' title='bbox 1771 4425 1772 4462; x_wconf 34' lang='lat' dir='ltr'><strong>p</strong></span> 
     </span>
     <span class='ocr_line' id='line_1_39' title="bbox 359 4467 1772 4558; baseline 0.006 -19"><span class='ocrx_word' id='word_1_338' title='bbox 359 4500 480 4558; x_wconf 87' lang='lat' dir='ltr'><strong>quaque</strong></span> <span class='ocrx_word' id='word_1_339' title='bbox 502 4483 613 4541; x_wconf 90' lang='lat' dir='ltr'><strong>similia</strong></span> <span class='ocrx_word' id='word_1_340' title='bbox 633 4483 772 4542; x_wconf 89' lang='lat' dir='ltr'><strong>instituta</strong></span> <span class='ocrx_word' id='word_1_341' title='bbox 793 4501 871 4542; x_wconf 86' lang='lat' dir='ltr'><strong>esse.</strong></span> <span class='ocrx_word' id='word_1_342' title='bbox 1771 4467 1772 4502; x_wconf 57' lang='lat' dir='ltr'><strong>l</strong></span> 
     </span>
    </p>
   </div>
   <div class='ocr_carea' id='block_1_6' title="bbox 359 4619 1772 4982">
    <p class='ocr_par' dir='ltr' id='par_1_11' title="bbox 359 4619 1772 4982">
     <span class='ocr_line' id='line_1_40' title="bbox 419 4619 1772 4714; baseline -0.003 -21"><span class='ocrx_word' id='word_1_343' title='bbox 419 4641 442 4702; x_wconf 83' lang='lat'><strong>¹)</strong></span> <span class='ocrx_word' id='word_1_344' title='bbox 464 4642 554 4702; x_wconf 68' lang='lat' dir='ltr'><strong>(LVI,</strong></span> <span class='ocrx_word' id='word_1_345' title='bbox 576 4637 669 4691; x_wconf 73' lang='grc' dir='ltr'><strong>2028ὸ</strong></span> <span class='ocrx_word' id='word_1_346' title='bbox 689 4661 723 4683; x_wconf 94' lang='lat'><em>=</em></span> <span class='ocrx_word' id='word_1_347' title='bbox 743 4643 849 4691; x_wconf 89' lang='lat' dir='ltr'><strong>Henzen</strong></span> <span class='ocrx_word' id='word_1_348' title='bbox 869 4641 960 4691; x_wconf 86' lang='lat' dir='ltr'><strong>Arval.</strong></span> <span class='ocrx_word' id='word_1_349' title='bbox 983 4657 1008 4705; x_wconf 90' lang='lat' dir='ltr'><strong>p.</strong></span> <span class='ocrx_word' id='word_1_350' title='bbox 1023 4641 1109 4692; x_wconf 89' lang='lat' dir='ltr'><strong>XLII.</strong></span> <span class='ocrx_word' id='word_1_351' title='bbox 1151 4641 1334 4706; x_wconf 80' lang='lat' dir='ltr'><strong>Fragmentum</strong></span> <span class='ocrx_word' id='word_1_352' title='bbox 1358 4641 1385 4691; x_wconf 90' lang='lat' dir='ltr'><strong>in</strong></span> <span class='ocrx_word' id='word_1_353' title='bbox 1409 4657 1461 4706; x_wconf 89' lang='lat' dir='ltr'><strong>quo</strong></span> <span class='ocrx_word' id='word_1_354' title='bbox 1480 4647 1544 4690; x_wconf 88' lang='lat' dir='ltr'><strong>sunt</strong></span> <span class='ocrx_word' id='word_1_355' title='bbox 1566 4641 1697 4705; x_wconf 84' lang='lat' dir='ltr'><strong>principia</strong></span> <span class='ocrx_word' id='word_1_356' title='bbox 1771 4619 1772 4714; x_wconf 69' lang='lat' dir='ltr'><strong>l</strong></span> 
     </span>
     <span class='ocr_line' id='line_1_41' title="bbox 360 4717 1772 4801; baseline -0.002 -18"><span class='ocrx_word' id='word_1_357' title='bbox 360 4749 400 4784; x_wconf 84' lang='grc' dir='ltr'><strong>ιι.</strong></span> <span class='ocrx_word' id='word_1_358' title='bbox 416 4735 440 4783; x_wconf 93' lang='grc'><strong>1.</strong></span> <span class='ocrx_word' id='word_1_359' title='bbox 461 4736 485 4782; x_wconf 77' lang='lat'><strong>2.</strong></span> <span class='ocrx_word' id='word_1_360' title='bbox 507 4733 570 4783; x_wconf 82' lang='lat'><strong>3.4</strong></span> <span class='ocrx_word' id='word_1_361' title='bbox 599 4717 643 4801; x_wconf 71' lang='lat' dir='ltr'><strong>Ql</strong></span> <span class='ocrx_word' id='word_1_362' title='bbox 658 4719 855 4795; x_wconf 77' lang='lat' dir='ltr'><strong>GEthrttch</strong></span> <span class='ocrx_word' id='word_1_363' title='bbox 877 4737 949 4782; x_wconf 79' lang='lat' dir='ltr'><strong>CAES</strong></span> <span class='ocrx_word' id='word_1_364' title='bbox 981 4733 1060 4782; x_wconf 88' lang='lat' dir='ltr'><strong>hodie</strong></span> <span class='ocrx_word' id='word_1_365' title='bbox 1084 4733 1226 4783; x_wconf 89' lang='lat' dir='ltr'><strong>desiderari</strong></span> <span class='ocrx_word' id='word_1_366' title='bbox 1252 4734 1380 4784; x_wconf 85' lang='lat' dir='ltr'><strong>nuntiavit</strong></span> <span class='ocrx_word' id='word_1_367' title='bbox 1408 4748 1424 4783; x_wconf 85' lang='lat' dir='ltr'><strong>a</strong></span> <span class='ocrx_word' id='word_1_368' title='bbox 1446 4749 1488 4783; x_wconf 91' lang='lat' dir='ltr'><strong>me</strong></span> <span class='ocrx_word' id='word_1_369' title='bbox 1515 4731 1696 4796; x_wconf 82' lang='lat' dir='ltr'><strong>interpellatus</strong></span> <span class='ocrx_word' id='word_1_370' title='bbox 1771 4717 1772 4786; x_wconf 83' lang='lat' dir='ltr'><strong>l</strong></span> 
     </span>
     <span class='ocr_line' id='line_1_42' title="bbox 360 4801 1772 4890; baseline -0.003 -14"><span class='ocrx_word' id='word_1_371' title='bbox 360 4823 522 4876; x_wconf 80' lang='lat' dir='ltr'><strong>Christianus</strong></span> <span class='ocrx_word' id='word_1_372' title='bbox 541 4823 673 4888; x_wconf 84' lang='lat' dir='ltr'><strong>Hnelsen;</strong></span> <span class='ocrx_word' id='word_1_373' title='bbox 699 4825 836 4890; x_wconf 76' lang='lat' dir='ltr'><strong>fragmenti</strong></span> <span class='ocrx_word' id='word_1_374' title='bbox 856 4825 961 4875; x_wconf 86' lang='lat' dir='ltr'><strong>maioris</strong></span> <span class='ocrx_word' id='word_1_375' title='bbox 981 4824 1049 4875; x_wconf 89' lang='lat' dir='ltr'><strong>idem</strong></span> <span class='ocrx_word' id='word_1_376' title='bbox 1069 4831 1187 4890; x_wconf 85' lang='lat' dir='ltr'><strong>ectypum</strong></span> <span class='ocrx_word' id='word_1_377' title='bbox 1207 4825 1421 4886; x_wconf 86' lang='lat' dir='ltr'><strong>subministravit,</strong></span> <span class='ocrx_word' id='word_1_378' title='bbox 1443 4825 1470 4874; x_wconf 90' lang='lat' dir='ltr'><strong>in</strong></span> <span class='ocrx_word' id='word_1_379' title='bbox 1490 4839 1541 4888; x_wconf 90' lang='lat' dir='ltr'><strong>quo</strong></span> <span class='ocrx_word' id='word_1_380' title='bbox 1561 4825 1634 4874; x_wconf 82' lang='lat' dir='ltr'><strong>clare</strong></span> <span class='ocrx_word' id='word_1_381' title='bbox 1653 4838 1697 4886; x_wconf 84' lang='lat' dir='ltr'><strong>ap·</strong></span> <span class='ocrx_word' id='word_1_382' title='bbox 1771 4801 1772 4880; x_wconf 84' lang='lat' dir='ltr'><strong>l</strong></span> 
     </span>
     <span class='ocr_line' id='line_1_43' title="bbox 359 4885 1772 4982; baseline -0.002 -16"><span class='ocrx_word' id='word_1_383' title='bbox 359 4923 451 4980; x_wconf 88' lang='lat' dir='ltr'><strong>parent</strong></span> <span class='ocrx_word' id='word_1_384' title='bbox 468 4918 524 4967; x_wconf 81' lang='lat' dir='ltr'><strong>v.4</strong></span> <span class='ocrx_word' id='word_1_385' title='bbox 543 4917 643 4967; x_wconf 87' lang='lat' dir='ltr'><strong>litterae</strong></span> <span class='ocrx_word' id='word_1_386' title='bbox 662 4918 689 4966; x_wconf 93' lang='lat' dir='ltr'><strong>in</strong></span> <span class='ocrx_word' id='word_1_387' title='bbox 709 4917 822 4968; x_wconf 91' lang='lat' dir='ltr'><strong>editione</strong></span> <span class='ocrx_word' id='word_1_388' title='bbox 842 4917 953 4968; x_wconf 87' lang='lat' dir='ltr'><strong>omissae</strong></span> <span class='ocrx_word' id='word_1_389' title='bbox 975 4921 1031 4963; x_wconf 80' lang='lat' dir='ltr'><strong>Rts.</strong></span> <span class='ocrx_word' id='word_1_390' title='bbox 1070 4917 1255 4981; x_wconf 87' lang='lat' dir='ltr'><strong>Supplementa</strong></span> <span class='ocrx_word' id='word_1_391' title='bbox 1268 4917 1300 4967; x_wconf 87' lang='lat' dir='ltr'><strong>ab</strong></span> <span class='ocrx_word' id='word_1_392' title='bbox 1314 4917 1438 4972; x_wconf 84' lang='lat' dir='ltr'><strong>Henaeno</strong></span> <span class='ocrx_word' id='word_1_393' title='bbox 1451 4915 1584 4982; x_wconf 85' lang='lat' dir='ltr'><strong>proposita</strong></span> <span class='ocrx_word' id='word_1_394' title='bbox 1599 4915 1697 4964; x_wconf 80' lang='lat' dir='ltr'><strong>referre</strong></span> <span class='ocrx_word' id='word_1_395' title='bbox 1771 4885 1772 4956; x_wconf 88' lang='lat' dir='ltr'><strong>l</strong></span> 
     </span>
    </p>
   </div>
   <div class='ocr_carea' id='block_1_7' title="bbox 360 5007 645 5059">
    <p class='ocr_par' dir='ltr' id='par_1_12' title="bbox 360 5007 645 5059">
     <span class='ocr_line' id='line_1_44' title="bbox 360 5007 645 5059; baseline 0.011 -3"><span class='ocrx_word' id='word_1_396' title='bbox 360 5007 420 5057; x_wconf 91' lang='lat' dir='ltr'><strong>nolo</strong></span> <span class='ocrx_word' id='word_1_397' title='bbox 440 5007 550 5059; x_wconf 84' lang='lat' dir='ltr'><strong>inventis</strong></span> <span class='ocrx_word' id='word_1_398' title='bbox 570 5010 645 5059; x_wconf 87' lang='lat' dir='ltr'><strong>veris.</strong></span> 
     </span>
    </p>
   </div>
   <div class='ocr_carea' id='block_1_8' title="bbox 0 0 1801 5942">
    <p class='ocr_par' dir='ltr' id='par_1_13' title="bbox 0 0 1801 5942">
     <span class='ocr_line' id='line_1_45' title="bbox 0 0 1801 5942; baseline 0 0"><span class='ocrx_word' id='word_1_399' title='bbox 0 0 1801 5942; x_wconf 95' lang='lat' dir='ltr'><strong> </strong></span> 
     </span>
    </p>
   </div>
  </div>
 </body>
</html>
