3524 5932
357 821 482 877 quorum
506 804 628 861 nomina
656 806 828 880 subscripta
856 816 937 877 sunt,
965 807 1040 882 ipsis
1068 806 1169 864 liberis
1198 807 1388 883 posterisque
1417 826 1519 865 eorum
1547 808 1679 864 civitatem

398 904 481 962 dedit
503 915 531 963 et
553 907 712 964 conubium
736 927 802 965 cum
826 909 983 978 uxoribus,
1011 927 1086 983 quas
1110 919 1180 966 tunc
1207 910 1395 980 habuissent,
1422 928 1489 967 cum
1516 917 1562 967 est
1588 911 1679 968 civitas

398 1007 435 1066 iis
458 1007 537 1079 data,
560 1018 611 1067 aut
634 1009 658 1066 si
682 1009 731 1085 qui
755 1010 883 1068 caelibes
907 1021 1017 1082 essent,
1041 1031 1107 1069 cum
1129 1013 1167 1070 iis
1190 1031 1263 1087 quas
1286 1022 1392 1089 postea
1413 1013 1580 1084 duxissent,
1608 1013 1680 1070 dunr-

398 1120 486 1168 taxat.
504 1111 614 1188 singuli
638 1112 783 1189 singulas.

357 1231 383 1269 a.
408 1213 435 1270 d.
452 1214 495 1270 VI
516 1214 546 1270 lr.
570 1213 734 1271 Novembr.
759 1215 850 1272 Albio
873 1215 1031 1273 Pullaieno
1054 1216 1201 1288 Pollione,
1226 1215 1280 1274 Cn.
1300 1217 1446 1293 Pompeio
1469 1216 1606 1294 Longino
1626 1237 1678 1276 cos.

357 1314 521 1391 cohort(is)
552 1317 567 1374 Ι
595 1318 813 1392 Aquitanorum
841 1328 1015 1390 veteranae,
1050 1320 1096 1377 cui
1130 1329 1233 1395 praest
1266 1319 1305 1376 Μ.
1337 1321 1500 1378 Arrecinus
1530 1317 1678 1391 Gemellas,

399 1419 489 1494 equiti
513 1419 679 1496 Mucapori,
703 1419 866 1495 Iptacentis
889 1421 919 1490 l.,
943 1420 1093 1496 Thraco).

357 1575 548 1653 Descriptum
572 1587 602 1636 ot
624 1578 807 1654 recognitum
832 1597 869 1635 ex
892 1579 996 1637 tabula
1018 1599 1120 1650 aenea,
1143 1598 1219 1655 quae
1242 1579 1305 1637 lixa
1326 1591 1373 1638 est
1393 1579 1518 1638 Romae.

400 1763 587 1823 Delineatam
622 1767 767 1823 miserunt
797 1763 925 1824 Carolus
955 1765 1180 1842 Zangemeister
1209 1766 1473 1843 HeidelbergensIs
1508 1774 1538 1824 et
1566 1767 1679 1825 Iacobus

356 1867 461 1924 Keller
488 1869 757 1944 Mogontiacensis3
786 1869 834 1926 hio
860 1869 953 1927 edidit
980 1868 1204 1928 ll'estdeutselres
1227 1869 1540 1946 Korrespoadenzblutt
1565 1890 1591 1928 a.
1613 1871 1678 1927 1884

357 1970 421 2027 Iun.
441 1972 467 2027 1.
491 2004 528 2012 -
553 1971 684 2029 Litterae
708 1988 715 2027 ι
738 1979 767 2028 et
790 1987 808 2028 τ
832 1977 861 2028 et
884 1988 899 2027 ι
923 1949 1034 2047 passim
1059 1972 1109 2029 vix
1132 1971 1282 2032 differunt.

400 2072 565 2131 Domitiani
587 2092 655 2131 esse
678 2074 840 2130 ostendunt
862 2082 969 2144 testes,
997 2092 1124 2149 quorum
1148 2075 1294 2150 septimus
1316 2075 1393 2133 redit
1420 2075 1449 2134 in
1477 2075 1577 2132 tabula
1598 2093 1622 2130 a.
1636 2075 1678 2142 86,

357 2184 481 2250 quartus
507 2175 538 2234 in
561 2176 672 2234 tabulis
695 2195 722 2233 a.
740 2175 788 2233 80.
804 2174 853 2234 88.
871 2173 925 2246 83,
953 2176 1066 2250 primus
1093 2187 1123 2234 et
1145 2178 1249 2236 tertius
1274 2178 1304 2235 in
1328 2177 1436 2236 tabulis
1465 2198 1492 2235 a.
1513 2177 1561 2236 82.
1578 2177 1622 2236 83.
1637 2177 1679 2244 84,

358 2278 480 2352 quintus
506 2279 537 2336 in
564 2273 675 2336 tabulis
703 2299 728 2337 a.
751 2277 800 2336 82.
822 2277 874 2349 84,
909 2278 1056 2336 secundus
1083 2278 1115 2336 in
1142 2279 1251 2337 tabulis
1279 2299 1305 2338 a.
1329 2279 1377 2337 93.
1404 2280 1472 2336 107.
1498 2281 1596 2338 11314.
1621 2279 1678 2335 lua.

357 2381 433 2438 Post
460 2399 569 2438 annum
593 2380 631 2438 86
659 2380 791 2438 tabulam
820 2381 962 2455 scriptam
990 2397 1058 2437 osse
1084 2379 1235 2456 colligitur
1265 2400 1303 2438 ex
1330 2381 1549 2456 subscriptione
1578 2382 1679 2439 anticae

358 2482 479 2540 finiente
502 2482 530 2539 in
547 2483 664 2540 Romae.
698 2481 846 2540 Nimirum
863 2501 927 2540 cum
944 2481 1028 2541 loeas
1044 2483 1121 2540 aeris
1137 2481 1174 2540 ad
1190 2502 1217 2540 a.
1233 2482 1295 2540 lere
1312 2483 1348 2542 71
1366 2483 1396 2541 in
1412 2493 1540 2558 utroque
1555 2482 1678 2558 exemplo

357 2585 523 2658 reperiatur
546 2585 679 2660 pariliter
701 2585 883 2656 enuntiatuS,
906 2603 977 2641 mox
1000 2585 1104 2661 incipit
1126 2587 1224 2642 minus
1245 2585 1331 2660 plene
1348 2587 1492 2661 perscribi
1506 2586 1537 2644 in
1552 2595 1630 2662 parte
1642 2585 1678 2640 in·

358 2687 480 2758 teriore3
504 2687 619 2746 scilicet
642 2697 687 2744 est
708 2688 737 2744 iu
754 2707 790 2744 ea
805 2706 857 2762 per
873 2705 968 2744 annos
985 2687 1024 2744 74
1047 2686 1084 2744 ad
1101 2687 1140 2745 86
1162 2687 1217 2761 (D.
1233 2686 1291 2745 IX.
1308 2687 1365 2745 XI.
1381 2687 1529 2746 LXVIII.
1545 2685 1676 2746 LXXIV.

357 2788 427 2847 XII.
444 2789 532 2847 XIII.
548 2788 642 2864 XIV)
658 2790 765 2847 Rornae
787 2793 817 2847 in
836 2787 989 2864 Capitolio,
1011 2808 1038 2846 a.
1055 2799 1152 2846 autem
1170 2788 1208 2848 93
1232 2788 1286 2865 (Ι).
1302 2789 1391 2865 XVI)
1414 2801 1444 2848 et
1465 2809 1569 2849 rursus
1591 2809 1615 2847 a.
1630 2789 1676 2846 103

360 2891 411 2968 (D.
425 2891 519 2968 XXI)
541 2893 649 2950 Romae
672 2898 703 2949 ut
725 2892 755 2949 in
778 2891 834 2949 hac
855 2898 967 2949 nostra.
1005 2892 1054 2949 Ab
1077 2911 1156 2949 anno
1179 2899 1278 2949 autem
1301 2891 1340 2950 98
1362 2892 1617 2970 adtemperant
1637 2891 1678 2949 de·

358 2994 532 3072 scriptionis
555 2993 708 3052 adnotatio
731 2993 760 3052 in
782 3003 867 3070 parte
890 2993 1031 3051 interiore
1055 2994 1210 3051 omittitur.
1236 3027 1273 3037 —
1298 2991 1490 3071 Spectavisse
1506 2995 1676 3071 privilegium
1752 2973 1753 3060 l

359 3096 396 3154 sd
420 3097 580 3154 exereitum
597 3095 777 3155 Germaniae
800 3096 965 3172 superioris
988 3096 1139 3173 colligitur
1160 3114 1219 3153 non
1243 3097 1338 3154 solum
1361 3116 1377 3154 e
1399 3097 1466 3156 loco
1483 3097 1560 3155 unde
1574 3096 1677 3172 prodiit,
1752 3087 1753 3112 ³

359 3198 411 3257 sed
434 3199 528 3257 multo
550 3200 661 3258 certius
683 3218 723 3257 ex
745 3198 876 3270 cohorte,
904 3217 980 3274 quae
1003 3198 1080 3256 redit
1101 3200 1130 3256 in
1155 3199 1319 3276 privilegiis
1341 3201 1491 3258 exereitus
1514 3199 1578 3257 eius
1599 3215 1676 3255 auno·

358 3321 424 3360 rum
448 3302 487 3359 74
509 3311 539 3359 et
564 3302 632 3361 116.
661 3333 698 3343 -
728 3298 878 3359 Consules
901 3300 972 3357 alibi
996 3319 1053 3356 non
1076 3301 1276 3360 nominantur.
1320 3302 1438 3361 Prioris
1462 3302 1555 3377 stirps
1576 3319 1676 3376 quoque

357 3405 445 3482 plane
466 3405 568 3482 ignota
576 3425 584 3475 ;
608 3424 644 3462 no
660 3403 884 3462 Pullaienorum
909 3403 1029 3479 quidem
1051 3404 1192 3460 memoria
1212 3412 1350 3478 superest
1364 3404 1422 3461 nisi
1446 3405 1534 3462 exilis
1557 3403 1605 3476 (cl.
1620 3403 1675 3458 titu-

358 3506 406 3564 lus
420 3507 552 3565 Dacicus
573 3504 607 3564 C.
621 3507 677 3578 III,
696 3505 791 3564 1118:
815 3505 968 3562 Pullaienu
992 3526 1014 3562 c.
1032 3507 1059 3580 s.
1083 3517 1112 3563 et
1134 3506 1254 3582 figlinas
1273 3507 1437 3583 ioscriptee
1454 3505 1588 3564 Pullueai
1602 3501 1675 3566 CX.

360 3608 450 3680 8053,
476 3608 558 3684 168).
603 3609 764 3666 Praeterea
786 3609 954 3684 comparari
979 3616 1078 3683 potest
1101 3607 1170 3682 [M]
1186 3608 1290 3667 Albius
1310 3609 1354 3666 M.
1367 3611 1396 3684 s.
1414 3609 1481 3683 Ous.
1498 3607 1590 3666 Pollio
1609 3603 1674 3663 tituli

357 3710 521 3788 Lilybitani
542 3709 577 3769 G.
593 3711 635 3783 X,
659 3710 749 3769 7224.
767 3743 805 3753 -
821 3710 987 3786 Pompeium
1003 3709 1165 3785 Lonqiaum
1187 3711 1336 3769 tribunum
1359 3711 1492 3770 cohortis
1514 3708 1674 3787 praetoriae,

359 3813 487 3889 equitem
515 3813 604 3891 Igitur
632 3814 766 3871 nominat
788 3813 914 3871 Tacitus
942 3813 972 3870 in
999 3813 1088 3872 rebus
1116 3833 1141 3870 a.
1160 3812 1198 3872 69
1222 3813 1290 3872 hist.
1313 3815 1343 3884 l,
1365 3814 1402 3872 31
1412 3834 1420 3884 ;
1455 3812 1505 3872 Ca.
1533 3813 1674 3886 Pompeium

258 3922 260 3926 ’
358 3915 520 3991 Lonpinum
547 3915 676 3992 legatum
704 3914 916 3991 (praetorium)
946 3914 1075 3974 Iudaeae
1105 3915 1155 3974 lex
1181 3933 1207 3972 a
1226 3915 1264 3975 86
1292 3913 1341 3989 (C.
1361 3914 1411 3973 III
1439 3933 1467 3991 p.
1489 3914 1578 3988 857),
1601 3929 1674 3988 quem

359 4019 518 4094 quominus
539 4018 616 4075 bunc
640 4017 737 4093 ipsum
762 4035 829 4076 esse
852 4027 1018 4075 statuamus
1042 4017 1115 4074 nibil
1138 4018 1276 4094 impedit;
1309 4019 1358 4076 Cn.
1375 4017 1523 4075 Platorium
1542 4014 1675 4074 Aetnilius

362 4119 567 4180 t'tcaateutam
588 4118 753 4196 Pompeium
774 4118 937 4194 Lonpinum
959 4119 1090 4198 legatum
1113 4119 1288 4178 Pannoniae
1316 4119 1376 4177 alia
1402 4119 1451 4178 lex
1474 4141 1500 4178 a.
1518 4119 1555 4178 98
1577 4113 1675 4192 (c.111

358 4245 388 4300 p.
404 4222 489 4299 867).
514 4255 551 4264 -
575 4221 676 4280 Patris
701 4222 803 4280 mitius
827 4241 933 4280 nomen
955 4222 1032 4280 redit
1053 4223 1084 4280 in
1106 4223 1194 4280 titulo
1210 4223 1393 4298 Aquincensi
1416 4221 1493 4299 pr.
1508 4221 1548 4280 IV
1569 4240 1594 4276 n.
1608 4215 1674 4274 682:

359 4325 401 4384 M.
424 4325 526 4382 Aurei.
549 4324 733 4400 Fptacemus.
1369 4345 1372 4350 ¹
