3574 5942
444 459 745 514 oasnavamouns
762 458 1048 513 BHGRAPHIGAE.
1345 444 1416 514 135

87 633 289 694 &psanticus
319 633 466 704 abolevit,
498 642 602 710 aperte
623 633 770 704 fecerunt,
804 634 945 709 quoniam
972 635 1172 711 praetorianis
1202 653 1304 694 carere
1329 644 1414 714 pote·

86 747 144 795 rant
162 747 285 814 propter
308 742 497 812 protectores
504 756 512 806 ι
533 755 602 794 uam
626 736 691 812 pari
712 735 781 794 loco
804 735 920 811 utrique
942 745 1013 795 suut
1033 755 1092 796 uon
1114 736 1211 796 solum
1232 739 1412 810 eonomine,

84 839 153 915 quod
166 839 302 915 eorporis
318 837 464 896 custodia
485 838 628 914 principis
651 847 711 896 tam
734 837 931 912 praetorianis
946 837 1136 898 incumbebat
1157 857 1245 914 quam
1262 848 1410 917 protecto-

84 941 164 1011 ribus,
184 940 237 997 sed
258 940 330 998 item
353 949 479 1017 propter
500 938 625 1016 originis
648 939 815 1014 paritatem.
857 936 978 998 Scilicet
998 958 1065 998 cum
1088 959 1107 998 a
1129 937 1241 1000 Severo
1263 941 1333 1001 inde
1354 942 1409 1000 mi-

83 1044 141 1102 lites
161 1043 229 1099 lecti
249 1061 290 1100 ex
313 1040 479 1118 legionibus
499 1040 531 1099 in
554 1041 735 1116 praetorium
754 1041 994 1112 transferrentur,
1017 1041 1048 1099 id
1064 1042 1160 1119 ipsum
1176 1043 1206 1100 in
1221 1051 1408 1121 protectores

84 1163 188 1220 quoque
209 1142 299 1202 cadit.
337 1143 442 1218 ltaque
463 1143 540 1201 inter
561 1142 665 1201 titulos
688 1141 943 1217 praetorianorum
958 1161 1035 1218 quos
1051 1143 1196 1204 habemus
1213 1145 1263 1220 qui
1279 1144 1409 1204 fortasse

81 1244 293 1304 recentissimus
314 1253 363 1304 est
384 1242 418 1303 C.
432 1243 487 1316 Vl,
504 1243 585 1304 2759
608 1243 710 1302 militis
732 1243 887 1303 cuiusdam
909 1247 981 1301 corti
996 1244 1032 1302 X
1046 1249 1180 1320 pretoria,
1207 1251 1256 1322 qui
1276 1247 1408 1305 militabit

84 1349 179 1424 fretosa
198 1347 335 1406 blesiaco
356 1345 419 1421 (XI
441 1343 601 1419 Claudiai)
624 1345 738 1421 ann(i)s
757 1345 791 1416 V,
817 1349 889 1403 iuter
911 1345 1066 1406 laedorias
1087 1351 1171 1406 anais
1192 1347 1257 1417 XI,
1284 1352 1314 1406 ia
1336 1367 1406 1424 pre·

82 1456 145 1508 uria
164 1448 274 1524 caa[r‘s]
301 1489 354 1519 ...‚
382 1465 447 1504 eum
469 1465 529 1504 uon
552 1447 726 1506 mirabimur
747 1446 884 1523 proxime
906 1448 1046 1506 accedere
1069 1448 1105 1506 ad
1128 1466 1221 1526 supra
1242 1450 1404 1510 recensitos

81 1561 278 1628 protectorum.
314 1548 394 1622 Quid
409 1547 489 1625 quod
504 1548 632 1607 fortasse
647 1567 708 1606 non
724 1566 797 1607 casu
811 1548 928 1621 accidit,
950 1550 1033 1625 quod
1047 1549 1168 1609 eaedem
1182 1550 1244 1608 fere
1259 1551 1403 1627 legiones,

81 1673 144 1730 quae
169 1654 198 1712 in
225 1654 284 1712 hoc
306 1651 392 1708 titulo
417 1659 604 1726 comparent,
632 1649 721 1708 etiam
748 1657 933 1726 protectores
960 1650 1028 1710 illos
1055 1650 1213 1723 dederunt,
1241 1661 1273 1708 ut
1297 1672 1336 1712 ex
1362 1653 1401 1711 iis

79 1755 224 1832 praecipue
252 1752 482 1812 Constantinum
508 1752 638 1810 conicias
666 1751 793 1826 primum
823 1752 1045 1827 praetorianos,
1077 1752 1185 1812 deinde
1217 1762 1400 1829 protectores

78 1855 237 1914 adscivisse.
276 1853 345 1914 Hoc
367 1855 464 1913 solum
486 1853 575 1930 igitur
597 1853 722 1911 mutavit
741 1862 861 1930 praeter
882 1873 1000 1926 nomen,
1023 1855 1103 1929 quod
1123 1873 1190 1913 cum
1206 1864 1293 1914 antea
1308 1855 1401 1932 legio-

78 1958 142 2016 narii
163 1975 327 2033 pancorum
350 1955 565 2033 stipendiorum
587 1956 618 2013 in
640 1955 822 2032 praetorium
850 1955 1081 2014 transferrentur
1092 1955 1136 2032 ¹),
1165 1957 1225 2015 iam
1252 1957 1402 2033 stipendia

77 2060 135 2136 plus
155 2059 254 2118 minus
277 2057 385 2134 viginti
406 2057 643 2132 requirebantur.
672 2089 710 2098 -
737 2057 785 2116 Ita
806 2057 886 2133 quod
909 2059 1111 2134 supraposui
1138 2058 1287 2116 sublatum
1314 2077 1400 2134 prae-

78 2162 170 2219 torium
192 2179 212 2218 a
235 2157 437 2218 Constantino
458 2158 648 2218 coniunctum
671 2175 738 2218 esse
765 2177 832 2216 cum
858 2157 1001 2218 institutis
1029 2160 1077 2218 vel
1104 2159 1203 2236 potius
1229 2160 1399 2218 reformatis

77 2261 290 2338 protectoribus,
313 2260 419 2319 videor
439 2261 512 2318 mihi
534 2260 610 2319 satis
633 2261 875 2336 comprobavisse
897 2269 928 2318 et
943 2261 987 2318 rei
1002 2261 1139 2320 militaris
1154 2262 1398 2322 reformationem

77 2362 347 2422 Constantinianum
370 2362 414 2420 ita
434 2362 624 2438 aliquatenus
646 2361 854 2422 elucidavisse.

109 2465 210 2523 Restat
235 2466 334 2524 altera
359 2481 452 2524 causa
478 2465 657 2539 protectoris
684 2462 805 2522 creandi
830 2463 860 2522 in
886 2464 952 2542 lege
968 2461 1187 2538 Valentiniani,
1214 2483 1289 2541 quae
1311 2465 1395 2524 varia

75 2568 167 2626 itinera
186 2567 226 2626 ad
249 2575 483 2642 protector-atum
506 2564 643 2624 ducentia
663 2565 790 2640 ingenue
812 2564 970 2624 admodum
987 2564 1128 2638 declarat,
1152 2568 1194 2624 ita
1216 2567 1395 2643 significata,

75 2680 101 2726 nt
123 2667 339 2744 protectoribus
360 2668 511 2725 veteranis
532 2676 722 2743 opponantur
747 2677 933 2743 protectores
955 2666 1027 2726 faeti
1048 2668 1092 2726 uel
1113 2669 1253 2743 saffrapio
1274 2669 1319 2727 cel
1340 2688 1394 2744 po-

75 2775 146 2828 teatia
165 2771 211 2829 vel
230 2773 342 2845 pratia.
375 2767 479 2827 Potuit
494 2767 564 2826 addi
578 2769 623 2826 cel
636 2767 782 2826 natalibus
788 2789 797 2840 ;
819 2768 1095 2848 certea.3641ege
1117 2767 1168 2842 (Ο.
1178 2768 1236 2828 Th.
1250 2769 1278 2838 6,
1295 2768 1344 2840 24,
1361 2769 1393 2845 2)

74 2882 192 2930 sanetum
213 2879 277 2942 est,
303 2879 336 2928 ut
357 2869 586 2928 domesticorum
609 2870 664 2928 filii
686 2879 715 2928 et
737 2869 897 2946 propinqui
920 2871 1089 2948 impuberes
1112 2870 1212 2929 statim
1241 2871 1318 2930 inter
1340 2872 1394 2930 do-

74 2975 198 3032 mesticos
224 2973 410 3032 referrentur
435 2971 536 3046 itaque
562 2972 642 3030 iusta
667 2978 764 3030 aetate
789 2971 914 3048 impleta
944 2971 1001 3030 hoc
1032 2971 1099 3030 loco
1129 2971 1300 3031 militarent.
1344 2974 1393 3031 Ad

73 3074 96 3130 id
122 3093 214 3152 genus
248 3091 343 3150 supra
378 3073 547 3132 rettulimus
579 3072 776 3132 Maximinum
810 3071 926 3132 Galerii
959 3069 1102 3132 Caesaris
1138 3074 1251 3132 sororis
1287 3074 1390 3134 filium.

73 3175 289 3236 AGonstantio
309 3176 380 3234 iude
401 3174 540 3252 exempla
562 3173 727 3245 abundant,
752 3181 913 3251 propterea
938 3183 1054 3233 tautum
1076 3174 1197 3250 opinor,
1225 3175 1306 3250 quod
1327 3177 1392 3236 eius

73 3279 165 3336 aetatis
184 3295 237 3337 res
266 3285 369 3354 gestas
395 3277 485 3352 longe
514 3277 680 3335 accuratius
707 3284 736 3334 et
757 3275 874 3351 plenius
901 3276 1027 3336 traditas
1054 3276 1197 3335 habemus
1223 3295 1313 3352 quam
1339 3298 1393 3354 per

73 3391 190 3456 tempora
210 3378 395 3438 Diocletiani
417 3385 447 3436 et
468 3375 670 3436 Constantini.
715 3374 774 3450 Qui
796 3376 966 3436 nominatur
987 3379 1024 3436 ab
1048 3377 1207 3436 Ammiano
1230 3380 1276 3449 14,
1302 3379 1348 3452 10,
1373 3380 1391 3438 2

72 3479 101 3536 ad
123 3501 147 3538 a.
167 3482 229 3540 354
251 3480 436 3539 Horatianus
457 3488 602 3555 protector
624 3481 806 3548 domesticus,
833 3478 1019 3554 Hermoqeais
1046 3499 1078 3536 en
1104 3482 1241 3554 mapiatto
1268 3485 1390 3556 equitum

66 3583 132 3656 ‚ttius
153 3601 344 3658 nequaquam
370 3599 409 3638 ex
431 3591 573 3638 veterano
601 3587 751 3656 protector
772 3579 868 3638 factus
891 3590 951 3651 eet,
980 3598 1034 3638 nec
1055 3581 1152 3658 magis
1173 3580 1318 3640 Iovianus
1340 3602 1390 3641 co-

71 3685 136 3742 mitis
159 3683 395 3744 domesticorum
411 3681 591 3740 Varroniani
615 3681 713 3751 filius,
738 3681 789 3756 qui
816 3691 903 3740 natus
931 3699 959 3738 a.
975 3681 1032 3739 331
1058 3689 1088 3739 et
1114 3700 1140 3738 a.
1158 3681 1216 3739 361
1247 3687 1390 3743 etiamtum

68 3795 196 3858 protestor
217 3787 389 3842 domesticus
416 3782 610 3857 (Ammianus
633 3781 682 3853 21,
701 3781 749 3852 16,
764 3782 817 3855 20)
848 3793 918 3859 post
939 3782 1099 3841 triennium
1128 3783 1255 3859 primum
1281 3785 1311 3843 in
1338 3804 1389 3844 eo·

71 3904 123 3944 ram
142 3885 293 3946 consortio
315 3885 415 3942 locum
437 3893 540 3943 teneus
563 3883 677 3960 (Amm.
699 3883 748 3954 25,
766 3885 795 3955 5,
813 3883 862 3960 4),
888 3884 974 3943 miles
996 3891 1094 3943 tamen
1116 3887 1269 3944 etiamtum
1292 3885 1388 3959 (The-

70 3986 170 4046 mistius
193 3987 232 4047 ad
254 3987 411 4046 Iovianum
434 4005 464 4063 p.
481 3984 533 4045 66:
557 3976 753 4066 αἰχμοφόροι)
772 3985 933 4063 imperator
946 3993 1063 4044 oreatus
1078 3997 1133 4044 est.
1169 3986 1239 4062 Ipse
1255 3988 1387 4046 Ammia-

72 4125 260 4136 ——----—

116 4207 137 4266 ¹)
155 4208 238 4258 Tituli
256 4205 457 4273 legionariorum
481 4205 578 4256 saeculi
597 4205 666 4256 tertii
695 4206 722 4254 in
746 4205 904 4269 praetorium
928 4205 1124 4267 translatorum,
1151 4219 1215 4271 quos
1243 4211 1387 4271 composuit

68 4313 135 4362 nuper
152 4299 235 4350 anar
253 4299 331 4350 Bobn
351 4295 423 4360 (tiber
440 4297 482 4348 die
500 4295 602 4348 Heimut
622 4295 667 4347 der
685 4295 862 4348 Prdtoriauer.
900 4296 1016 4347 Beroliui
1039 4298 1108 4348 1883
1128 4313 1154 4362 p.
1171 4297 1223 4360 13),
1244 4299 1386 4362 stipendio-

68 4403 112 4438 rum
129 4407 248 4442 aameroe
266 4391 413 4455 admriptos
431 4389 528 4439 habent
545 4389 595 4439 hos
613 4389 716 4451 (urbani
736 4397 795 4440 suut
808 4402 898 4439 omues
911 4396 937 4438 et
949 4395 1023 4438 sexto
1037 4389 1167 4439 volumine
1182 4389 1387 4453 comprehensi):

68 4477 101 4528 X:
119 4483 238 4544 ausen
260 4483 313 4533 [Xe
332 4498 358 4532 n.
374 4482 459 4544 24373
478 4481 530 4532 vl:
550 4496 576 4531 n.
591 4480 671 4531 2605.
687 4480 766 4530 2672.
783 4481 867 4543 2772;
888 4482 925 4530 V:
945 4497 971 4530 ιι.
986 4481 1071 4543 2673;
1091 4482 1142 4531 IV:
1163 4495 1188 4530 n.
1205 4481 1285 4530 2785.
1301 4483 1388 4545 2977;

69 4569 224 4624 112u.2601
246 4573 290 4636 (af.
310 4590 336 4624 ιι.
352 4572 443 4635 2758).
479 4573 567 4637 Ipsam
586 4571 780 4622 translationem
795 4571 912 4621 Bobnius
930 4579 1017 4623 censet
1035 4579 1094 4636 post
1106 4572 1230 4624 Severum
1249 4586 1309 4622 raro
1330 4580 1386 4623 tan-

69 4673 111 4712 tan
127 4681 172 4714 usa
192 4666 293 4716 venisse
312 4667 368 4716 sine
387 4679 478 4727 eauss;
498 4678 559 4714 nam
579 4665 621 4728 qui
642 4679 674 4713 ex
691 4663 784 4714 militia
795 4663 880 4712 minus
893 4662 1019 4712 honorata
1032 4663 1064 4713 arl
1078 4663 1195 4713 alborem
1207 4663 1315 4728 gradum
1329 4679 1386 4728 per·

68 4767 183 4818 tenemur,
203 4771 389 4822 saepenumero
409 4757 441 4806 de
460 4757 506 4805 illa
523 4756 608 4817 silent,
628 4763 657 4805 nt
676 4755 837 4804 centuriones
855 4754 916 4803 faeti
936 4755 968 4804 de
986 4753 1131 4819 gregalibus
1150 4754 1297 4819 stipendiis3
1321 4756 1383 4806 item

67 4855 171 4898 ttoeatos
189 4863 248 4899 eum
267 4855 368 4898 constet
385 4862 474 4898 omnes
493 4849 520 4897 iu
539 4847 631 4898 ordine
650 4846 782 4906 meruisse,
801 4845 878 4910 longe
892 4847 995 4910 plurimi
1009 4861 1096 4896 eorum
1111 4846 1287 4896 evocationem
1300 4847 1383 4898 solam

67 4948 157 4996 munst
187 4941 257 4991 Saue
277 4939 417 4990 verisimile
437 4947 475 4989 est
492 4940 601 5004 gratiam
620 4939 728 4990 multum
747 4937 775 4988 in
789 4937 957 4988 translatione
970 4937 1089 4998 valuisse,
1110 4952 1192 5002 neque
1206 4951 1294 4986 omues
1308 4952 1382 5000 prae-

66 5028 164 5080 torianos
182 5041 258 5081 antea
276 5033 304 5082 in
323 5031 428 5095 legione
446 5031 569 5082 meruisse
589 5029 732 5094 contend03
757 5029 802 5080 sed
821 5030 877 5080 iure
895 5029 923 5078 id
942 5029 1065 5079 mansisse
1085 5028 1300 5080 Constantiniana
1318 5045 1382 5096 quo·

66 5123 301 5182 psalmatione
321 5123 496 5175 confirmatur.
