3628 5954
118 485 143 534 a
562 480 709 534 ronuvs
734 482 782 532 uu
808 480 1002 534 urusunrs.
1390 467 1437 536 41

151 656 166 713 5
180 654 320 714 deliciunt
333 652 452 712 litterae
467 653 545 711 inter
559 662 627 712 octo
643 663 674 711 ει
686 652 844 711 duodecim
861 652 980 728 (parum
997 653 1074 711 euim
1090 655 1285 730 aequabiliter
1299 665 1441 716 exaratas

116 757 195 814 luisse
216 755 385 815 ostendant
406 754 505 812 hiatus
527 773 575 812 vv.
591 755 620 812 3.
637 755 656 811 4
678 753 778 831 spatio
795 770 897 828 pares,
920 753 1057 829 dispares
1073 774 1196 814 numero
1210 756 1375 816 litterarum
1390 759 1441 817 de·

116 857 261 932 letarum);
283 873 340 914 uos
363 853 569 931 supplevimus
592 863 717 931 septem.
754 855 832 914 Post
850 855 965 912 hiatum
980 854 1252 914 Domasaewskius
1268 858 1324 916 sibi
1341 859 1442 916 videre

116 959 185 1017 daus
206 967 256 1018 est
277 959 477 1028 classicum,
499 955 631 1014 fortasse
656 968 751 1028 recte3
774 956 800 1013 si
823 974 925 1014 uerum
948 955 1037 1028 vidit,
1059 956 1116 1015 luit
1136 958 1167 1016 iu
1188 957 1288 1036 lapide
1309 963 1385 1016 aiam
1407 977 1443 1018 ac

116 1064 263 1118 maionem.
301 1055 393 1130 Quod
414 1057 553 1135 supplevi
576 1061 738 1128 sessionem,
761 1075 819 1114 non
842 1056 908 1115 dico
929 1065 1040 1114 certam
1056 1075 1134 1129 esse,
1156 1059 1209 1118 sed
1224 1059 1305 1118 aliud
1321 1060 1442 1136 supple-

117 1167 237 1220 mentum
260 1158 417 1234 probabile
444 1177 503 1217 non
532 1158 718 1236 suppetebat.
768 1155 891 1217 Sedium
918 1158 1046 1234 vestigia
1073 1179 1112 1218 ex
1133 1179 1208 1237 rupe
1229 1171 1441 1219 excusatarum

114 1280 197 1339 prope
218 1259 341 1319 titulum
363 1259 444 1317 cerni
467 1269 557 1336 negat
577 1259 817 1332 Hirschfeldias,
844 1278 905 1317 non
928 1268 1017 1335 neget
1038 1259 1173 1318 adfuisse
1197 1279 1288 1335 posse
1309 1280 1442 1321 scamna.

116 1361 205 1440 Sapra
230 1365 349 1422 titulum
377 1383 396 1422 a
422 1363 530 1420 dextra
556 1361 641 1418 addit
665 1361 832 1419 aediculam
859 1360 940 1418 cerni
973 1379 1011 1418 ex
1043 1381 1119 1436 rupe
1151 1362 1338 1440 exculptam,
1371 1364 1442 1422 item

115 1464 230 1522 alteram
252 1484 313 1522 uon
334 1465 424 1541 louge
444 1463 514 1521 iude
536 1461 659 1536 reperiri
683 1461 764 1518 eunti
786 1479 805 1518 a
826 1461 912 1519 titulo
939 1462 977 1519 ad
999 1469 1139 1520 statuam.

149 1563 181 1623 C.
195 1565 295 1623 Iulius
310 1566 434 1642 Aquila,
456 1564 535 1622 idem
558 1563 679 1620 omuino
701 1561 751 1636 qui
773 1581 801 1619 a.
814 1561 854 1618 49
877 1563 907 1619 in
923 1562 1085 1621 Thraciam
1102 1563 1213 1623 missus
1235 1573 1282 1622 εει
1303 1563 1443 1638 (Tacitus

113 1685 172 1724 anu.
192 1663 324 1743 1215),
347 1686 374 1724 a.
392 1666 463 1726 5748
485 1671 662 1742 procurator
683 1662 738 1720 tuit
760 1662 850 1720 Ponti
871 1673 900 1720 et
915 1663 1076 1739 Bithyniae
1097 1663 1138 1738 (v.
1155 1684 1184 1722 n.
1201 1665 1260 1722 346
1283 1683 1351 1723 cum
1374 1664 1442 1722 add.

113 1785 138 1842 p.
153 1767 235 1841 976).
256 1800 295 1810 -
319 1765 541 1844 [Pr]aesieetas)
557 1762 710 1839 sadr(am)
734 1765 776 1822 bis
799 1768 830 1823 in
851 1764 1025 1839 aerar(icm)
1048 1765 1160 1824 delatus
1182 1785 1202 1823 a
1223 1765 1442 1841 co(a)s(alibas)

113 1870 145 1925 A.
161 1866 452 1944 schipenstede,
479 1866 587 1942 Ta]aro
603 1865 721 1925 Statilio
740 1863 871 1936 Coruino,
895 1867 952 1936 vel,
975 1875 1009 1924 ut
1030 1875 1077 1923 εει
1097 1868 1128 1925 in
1151 1865 1288 1940 Graecia,
1311 1857 1444 1948 ἔπαρχος

114 1969 274 2043 (sicunde,
296 1966 643 2045 cumsabrumdifficile
666 1967 707 2025 sit
728 1965 766 2023 ad
795 1974 875 2025 recte
897 1967 1086 2043 vertendum)
1116 1961 1160 2028 δῖε
1184 1967 1223 2028 εἷς
1247 1963 1278 2025 τὸ
1309 1957 1444 2050 αἰρ[α’ριον

114 2061 273 2150 φιρίμεν]οε
299 2066 356 2127 sind
386 2061 504 2127 sinaitae
529 2058 619 2125 Ὠλου
641 2057 779 2132 Γαβινίου
802 2063 995 2146 Σεκο[υ’νδου,
1028 2059 1142 2152 Ταύρου
1165 2062 1346 2145 {caballos
1374 2073 1444 2150 Κορ-

114 2164 206 2239 coiav,
236 2172 288 2228 ubi
317 2170 457 2246 copulam
478 2172 557 2229 inter
578 2169 735 2228 consulum
757 2170 879 2228 nomina
895 2170 995 2245 spatia
1010 2171 1171 2229 excludere
1185 2171 1323 2229 videntur
1337 2170 1385 2228 vel
1401 2171 1445 2228 sic

114 2273 159 2330 rix
179 2273 372 2342 sufficieutia,
395 2272 594 2330 conferendus
617 2279 665 2330 est
685 2289 751 2328 cum
770 2274 915 2346 praesecto
929 2272 1050 2345 sairam
1071 2273 1165 2330 delato
1187 2291 1206 2328 a
1227 2273 1335 2330 duobus
1351 2272 1397 2346 co(
1418 2271 1445 2347 )·

114 2374 243 2448 datum)
272 2373 314 2430 aa
334 2376 481 2431 ananiam
502 2371 581 2430 tituli
603 2371 727 2442 Veneti,
755 2371 791 2428 de
814 2389 873 2445 quo
895 2373 1023 2447 exposui
1046 2373 1076 2429 in
1099 2373 1156 2430 hac
1177 2373 1377 2450 Ephemeride
1398 2373 1444 2431 IV

113 2493 139 2550 p.
154 2475 226 2544 538,
254 2473 463 2549 similibusque
485 2473 553 2531 aliis
575 2473 616 2530 ihi
643 2471 801 2548 adlegatis.
849 2469 910 2530 Hic
935 2473 1039 2532 titulus
1065 2475 1180 2549 primus
1207 2485 1267 2546 est,
1296 2477 1348 2551 qui
1375 2491 1443 2534 cou—
1500 2511 1507 2518 ·

113 2576 202 2634 sulum
224 2577 375 2651 aquibus
398 2574 466 2650 quis
488 2574 527 2631 ad
549 2574 697 2633 aerarium
721 2573 838 2630 delatas
861 2575 902 2630 sit
921 2577 1044 2632 uomina
1059 2576 1200 2634 enuntiet.
1238 2576 1359 2634 Taurus
1377 2574 1445 2636 Sta-

114 2677 190 2734 tilius
212 2673 361 2734 Corvinus
385 2676 492 2734 consul
514 2683 561 2733 est
587 2674 658 2733 anui
674 2675 714 2731 45
738 2673 789 2749 (cf.
814 2674 872 2731 vol.
886 2673 930 2732 VI
952 2696 981 2751 p.
998 2674 1083 2751 994).
1131 2677 1267 2736 Alterum
1291 2677 1444 2736 consulem

116 2779 148 2834 Α.
171 2775 332 2836 Gabinium
363 2774 534 2836 Secundum
561 2795 627 2834 cum
655 2775 838 2850 prodidisset
864 2776 968 2834 titulus
991 2775 1182 2836 Venafranae
1210 2776 1260 2854 (C.
1276 2779 1322 2850 X,
1345 2778 1443 2837 4881:

116 2881 149 2938 A.
175 2877 295 2937 Gabinio
317 2878 449 2937 Secundo
476 2895 530 2936 cos.
546 2879 596 2933 III
616 2895 680 2934 aaa.
705 2877 785 2952 Sept.
813 2877 985 2952 moritum),
1015 2878 1202 2956 Borghesius
1232 2879 1315 2955 (opp.
1333 2881 1365 2952 5,
1390 2879 1444 2954 43)

115 2979 206 3038 fasces
232 2980 367 3057 gessisse
397 2987 466 3035 aute
492 2996 519 3035 s.
548 2998 577 3054 p.
599 2975 633 3036 C.
656 2976 693 3034 41
723 2977 794 3034 iude
819 2979 957 3055 collegit,
990 2979 1069 3055 quod
1099 2979 1161 3038 Dio
1182 2980 1276 3050 60‚8
1309 2981 1348 3038 ad
1375 2999 1444 3038 eum

119 3099 218 3138 aunum
239 3080 333 3138 refert
355 3079 391 3138 Ρ.
415 3077 580 3138 Gabinium
603 3076 771 3136 Secundum
795 3078 843 3153 (P.
867 3078 1008 3139 Gabinius
1030 3089 1078 3139 est
1100 3080 1203 3150 Dioni,
1229 3080 1370 3140 Gabinius
1394 3081 1445 3140 Se·

119 3183 216 3240 eundae
230 3178 376 3240 Suetonio
391 3177 498 3239 Claud.
516 3177 570 3254 24)
594 3177 733 3238 Chaucos
755 3179 903 3240 devicisse
925 3189 956 3242 et
977 3200 1085 3240 nomen
1107 3182 1295 3259 imperatoris
1319 3179 1444 3240 Claudio

119 3300 153 3338 ex
172 3283 207 3339 iis
228 3281 397 3356 peperisse;
420 3297 472 3338 eos
494 3280 573 3338 euim
596 3300 661 3339 eum
678 3281 798 3338 vincere
817 3300 876 3339 uon
892 3283 1028 3357 potuisse
1043 3284 1101 3341 uisi
1115 3282 1246 3359 legatam
1263 3282 1445 3342 Germaniae

118 3383 256 3441 inferioris
278 3389 309 3440 et
330 3391 491 3458 propterea
509 3381 717 3455 consularem
747 3382 778 3440 in
801 3383 994 3458 praenomine
1016 3383 1107 3459 igitur
1130 3383 1259 3443 Dionem
1282 3385 1375 3442 videri
1399 3403 1445 3444 er-

120 3484 232 3541 ravisse.
269 3483 329 3540 llic
351 3482 458 3540 titulus
481 3501 548 3540 cum
571 3484 629 3540 boc
650 3482 856 3542 tantummodo
879 3484 1017 3542 ostendat
1039 3489 1075 3542 A.
1093 3483 1253 3545 Gabinium
1275 3484 1444 3546 Secundum

120 3583 209 3642 fasces
229 3585 361 3660 gessisse
383 3595 453 3641 ante
475 3603 502 3642 a.
519 3584 570 3656 45,
592 3583 751 3660 Borghesii
766 3585 956 3643 coniecturae
972 3604 1032 3643 non
1047 3585 1240 3656 adversatum
1264 3606 1445 3663 quamquam

119 3685 246 3762 redargue
269 3704 329 3745 nou
352 3686 472 3760 poterit,
495 3685 547 3761 qui
570 3685 733 3743 defendens
756 3685 914 3744 lectionem
930 3686 1068 3745 traditam
1090 3689 1169 3765 apud
1183 3687 1314 3747 Dionem
1330 3689 1364 3747 P.
1383 3688 1444 3747 Ga·

118 3786 223 3846 binium
239 3777 411 3846 Secundum
432 3787 484 3860 qui
505 3805 534 3846 a.
550 3787 587 3843 41
607 3784 747 3845 Chaucos
770 3786 879 3845 devicit
901 3797 931 3845 et
945 3791 984 3846 A.
1002 3785 1166 3847 Gabinium
1183 3787 1353 3849 Secundum
1375 3809 1446 3850 con·

119 3889 207 3947 sulem
229 3899 298 3946 aute
320 3905 348 3944 a.
365 3887 405 3945 45
429 3887 534 3944 statuit
556 3886 693 3946 diversos
713 3905 790 3946 esse.
813 3920 852 3931 -
875 3886 1080 3948 Sacerdotium
1096 3891 1226 3966 Augusti
1241 3893 1364 3966 Aquila,
1387 3894 1446 3950 ori·

118 3991 184 4065 gius
205 4001 236 4048 ut
257 3989 377 4046 videtur
391 3989 614 4060 Amastrianus,
635 3989 667 4046 in
687 3988 787 4065 patria
801 3990 872 4046 urbe
889 3991 1061 4064 suscepisse
1075 3991 1192 4050 videtur
1206 4000 1237 4050 et
1251 3992 1320 4050 inde
1335 3993 1446 4051 factam

118 4109 194 4162 ease,
218 4101 251 4148 ut
271 4097 393 4167 praeter
414 4089 663 4147 cousuetudinem
685 4109 747 4148 uon
769 4091 866 4148 solam
888 4099 1044 4167 separetur
1065 4092 1102 4150 ab
1124 4093 1248 4168 reliquis
1271 4094 1447 4166 honoribus,

118 4193 168 4248 sed
187 4192 273 4250 etiam
295 4189 355 4266 ipsi
378 4189 493 4248 nomini
514 4199 720 4264 anteponatur.

120 4590 163 4652 st
185 4595 237 4670 (=
260 4594 339 4671 454)
362 4596 447 4654 basis
474 4612 643 4653 marmorea
669 4593 731 4652 alta
757 4612 795 4650 m.
816 4594 900 4666 l.80‚
927 4596 990 4654 lata
1012 4615 1049 4653 m.
1067 4596 1154 4671 0.78,
1181 4615 1283 4656 crassa
1309 4618 1347 4657 m.
1364 4599 1447 4658 058.

160 4697 286 4756 Amastri
312 4698 341 4756 ia
368 4696 470 4754 Ponto
496 4696 571 4753 vidit
598 4692 758 4753 Crnracvs
786 4694 876 4771 (teste
899 4697 1047 4771 Manvso,
1081 4700 1132 4774 qui
1158 4709 1256 4758 mmen
1284 4702 1447 4758 Arnastum

159 4796 234 4854 dedit
253 4817 308 4874 pro
331 4799 483 4866 Amastri3
508 4793 550 4854 ‘iu
573 4795 700 4854 Pontica
722 4793 925 4874 navigatione’
951 4800 1135 4874 comperisse
1157 4818 1189 4859 se
1211 4802 1277 4877 ipsc
1300 4798 1448 4876 Cyriacus

161 4899 273 4970 scribit;
302 4899 457 4974 Mytilenis
478 4916 579 4957 errore
600 4896 793 4971 Rsotsnvs).
842 4898 956 4956 Ibidem
979 4899 1120 4959 iacentem
1148 4902 1185 4960 ad
1208 4913 1325 4979 portum
1351 4902 1447 4959 miuo-

161 5017 218 5056 rem
243 4999 458 5058 occidentalem
485 4999 617 5076 repperit
639 5019 666 5056 a.
685 4996 763 5056 1882
787 4997 940 5059 Gustatus
963 5001 1186 5075 Hmscnssuo,
1214 5005 1261 5061 cui
1288 5013 1448 5062 narrarunt

161 5099 268 5160 iucclae
290 5119 327 5160 eo
349 5101 417 5159 loco
439 5111 506 5158 ante
528 5099 732 5175 duodeviginti
754 5117 849 5159 anuos
872 5100 1012 5162 effossam
1035 5121 1112 5163 esse.
