3628 5954
372 466 418 535 32
812 485 1087 537 anstrannum
1116 485 1199 536 von.
1219 487 1262 537 111
1660 493 1708 542 nc

370 659 522 730 Camillus,
545 660 624 736 apud
646 667 783 719 auctores
805 659 915 718 Furias
942 657 1080 718 Caruilius
1103 659 1309 719 Scribonianus
1332 658 1508 734 (Suetonius
1529 661 1635 722 Claud.
1653 664 1706 736 133

367 759 494 835 Diona,
514 761 565 836 15)
594 763 802 821 nominibusve
830 761 899 820 inde
925 763 1085 832 breviatis,
1114 762 1195 821 filius
1224 762 1317 839 (apud
1340 763 1478 823 Tacitum
1501 763 1705 840 ann.12,52)

366 862 476 922 Furius
499 863 705 923 Scribonianus
727 864 803 939 (dixi
826 863 863 922 de
885 883 921 922 eo
945 864 973 921 in
998 865 1065 939 eplr.
1089 863 1236 923 Herma3
1260 883 1289 941 p.
1308 864 1390 942 133).
1434 865 1513 926 Nam
1536 869 1598 939 hic,
1624 868 1704 926 lilius

367 967 513 1023 naturalis
530 974 562 1024 ut
576 965 693 1025 videtur
709 966 843 1025 consulis
859 966 917 1024 ab
934 985 960 1040 p.
975 964 1031 1024 Ch.
1049 965 1083 1024 L.
1098 967 1232 1038 Arrunti,
1249 966 1408 1044 adoptivus
1423 969 1555 1028 consulis
1572 969 1590 1028 8
1606 988 1634 1046 p.
1648 969 1703 1028 Cb.

367 1067 407 1123 bl.
435 1067 519 1125 Furii
549 1066 685 1139 Camilli,
716 1076 776 1127 tam
803 1069 940 1126 Arruntii
968 1087 1075 1127 nomen
1103 1069 1199 1148 gessit
1225 1086 1314 1143 quam
1343 1067 1547 1142 Scriboniani,
1579 1079 1608 1129 et
1637 1091 1704 1130 cum

366 1169 455 1227 huius
478 1171 664 1245 cognominis
687 1171 771 1246 origo
794 1171 959 1248 ignoretur,
989 1180 1070 1229 certe
1096 1171 1170 1230 nihil
1196 1171 1335 1246 impedit,
1363 1173 1521 1248 quominus
1544 1173 1706 1232 descendat

367 1290 385 1327 a
408 1271 470 1328 lilia
492 1269 563 1330 Sex.
587 1272 742 1350 Pompeii,
772 1291 859 1348 quam
882 1273 1000 1330 unicam
1023 1273 1120 1332 fuisse
1142 1272 1305 1332 verisimile
1327 1284 1373 1334 est
1401 1273 1704 1349 (D1049‚11‚Dru-

369 1391 457 1430 mann
471 1375 499 1448 4,
514 1373 600 1449 591),
623 1374 676 1433 sed
689 1376 736 1434 bis
752 1385 846 1452 nupta
861 1385 961 1452 potest
974 1375 1076 1434 fuisse.
1112 1373 1244 1436 Stemma
1266 1375 1381 1435 scilicet
1403 1378 1445 1436 sic
1468 1378 1611 1438 efficietur
1632 1379 1703 1437 boc:

840 1493 896 1554 Cn.
917 1496 1083 1571 Pompeius
1107 1495 1233 1574 Magnas

711 1679 782 1742 Sex.
801 1683 963 1759 Pompeius
988 1682 1115 1760 Magnus
1138 1705 1177 1733 υ
1202 1680 1362 1744 Scribonia

1153 1763 1157 1864 l

530 1939 566 1997 L.
584 1936 759 1998 Scribonius
782 1939 860 1999 Libo
884 1963 922 1990 υ
1009 1941 1154 2018 Pompeia
1239 1965 1276 1991 υ
1300 1940 1336 1999 L.
1352 1943 1513 2001 Arruntius
1535 1942 1572 2001 L.
1584 1942 1605 2002 f.
1619 1941 1657 2002 L.
1673 1963 1703 2002 n.

901 2021 903 2123 l
937 2034 1008 2083 nata
1029 2033 1098 2084 ante
1121 2044 1146 2084 a.
1165 2025 1224 2084 715
1255 2021 1259 2125 l
1450 2044 1511 2086 cos.
1534 2025 1596 2084 ab

369 2123 409 2182 bl.
426 2125 560 2184 Licinius
577 2124 707 2186 Crassus
723 2127 816 2207 Frugi
833 2149 870 2176 υ
888 2125 1045 2187 Scribonia
1088 2127 1128 2185 M.
1145 2125 1258 2187 Furius
1274 2126 1421 2186 Camillus
1437 2128 1601 2187 Arruntius
1622 2124 1702 2188 Scri-

483 2227 545 2268 cos.
569 2229 596 2287 p.
615 2209 649 2270 0.
666 2210 704 2269 97
841 2207 845 2311 i
1160 2205 1164 2308 Ι
1209 2211 1356 2270 boniacus
1378 2227 1440 2269 cos.
1463 2209 1546 2269 abb

647 2329 1031 2361 n———*=·—-··a
1058 2327 1701 2361 μ-ὺ--Ι-η

653 2383 786 2443 Crassus
810 2383 1024 2444 Scribonianus
1053 2382 1091 2443 L.
1106 2384 1270 2443 Arruntius
1289 2380 1367 2443 Scri·
1421 2383 1566 2441 Arruntis
1581 2381 1702 2442 Camilli

725 2489 753 2527 n.
778 2478 846 2527 ante
869 2489 894 2528 a.
913 2469 961 2527 33.
1133 2468 1279 2526 bonianus
1418 2466 1439 2524 f.
1466 2463 1596 2524 Camilla
1625 2466 1703 2543 (vol.

1464 2549 1520 2622 VI,
1542 2547 1647 2626 5932).

240 2725 243 2732 .
366 2671 475 2732 Obstat
496 2672 564 2730 lruic
586 2672 784 2744 coniecturae,
805 2674 887 2749 quod
909 2672 993 2732 cuius
1017 2671 1065 2730 hic
1087 2670 1166 2747 lapis
1189 2682 1237 2730 est
1250 2669 1285 2730 L.
1301 2669 1322 2728 f.
1344 2669 1524 2747 appellatur;
1547 2670 1607 2728 nisi
1621 2669 1701 2728 forts

364 2782 448 2849 patro
471 2774 511 2832 M.
535 2773 629 2832 Furio
652 2772 781 2833 Camillo
803 2793 892 2834 caeso
909 2773 1055 2834 Claudius
1078 2773 1150 2846 filio,
1174 2773 1222 2832 cui
1244 2772 1379 2850 pepercit
1400 2771 1541 2848 (Tacitus
1564 2771 1702 2844 ann.12,

366 2874 430 2951 59),
452 2887 608 2952 paternum
630 2896 812 2955 praenomen
834 2877 999 2946 interdixit,
1022 2877 1052 2934 id
1075 2875 1154 2952 quod
1177 2893 1357 2952 quamquam
1380 2874 1518 2951 exemplo
1532 2873 1702 2933 defenditur

365 2977 503 3052 (Tacitus
526 2980 726 3056 ann.3,17),
749 2981 851 3055 utique
872 2997 928 3037 sua
949 2977 1123 3037 difficultate
1145 2976 1272 3036 laborat.
1315 2976 1520 3036 Nihilominus
1541 2976 1601 3034 iam
1621 2977 1701 3034 hanc

364 3079 562 3139 coniecturam
584 3081 786 3155 praetulerim,
808 3083 949 3158 quoniam
973 3079 1160 3140 obstaculum
1179 3079 1266 3137 modo
1281 3078 1443 3137 indicatum
1458 3077 1576 3138 facilius
1591 3077 1702 3155 opinor

363 3182 552 3258 superabitur
574 3201 661 3258 quam
690 3183 719 3241 in
742 3184 837 3243 altera
862 3184 1007 3243 omissam
1034 3201 1143 3241 nomen
1166 3179 1280 3240 Crassi.
1309 3213 1347 3224 —
1373 3180 1480 3240 Frater
1510 3179 1619 3238 arvalis
1646 3179 1701 3255 qui

362 3284 531 3342 nominatur
553 3285 584 3341 in
606 3285 680 3343 actis
705 3305 731 3344 a.
750 3285 872 3346 75-96
904 3285 941 3344 L.
965 3283 1119 3361 Pompeius
1147 3283 1288 3360 Vopiscus
1314 3279 1347 3340 C.
1370 3280 1526 3341 Arruntius
1552 3279 1700 3340 Catulliuc

366 3385 447 3444 Celer
469 3385 510 3462 (v.
534 3385 659 3446 Henzen
681 3406 709 3464 p.
730 3386 802 3462 195)
824 3389 881 3446 hoc
903 3395 982 3446 certe
1005 3387 1161 3445 confirmat
1182 3386 1314 3461 aliquam
1337 3384 1585 3443 necessitudinem
1607 3382 1698 3440 inter-

362 3487 491 3545 cessisse
513 3488 591 3546 inter
613 3489 775 3548 Arruntios
799 3499 828 3547 et
850 3489 1020 3567 Pompeios.
1049 3521 1087 3531 -
1110 3488 1276 3564 stupescas
1298 3487 1362 3545 urbi
1382 3486 1446 3545 sine
1469 3485 1560 3544 dubio
1581 3483 1700 3542 intelle·

361 3590 441 3664 gitur
462 3590 603 3648 feriarum
626 3589 815 3664 Latinarum,
842 3611 1020 3668 quamquam
1043 3590 1073 3649 id
1097 3590 1231 3650 similare
1254 3588 1485 3647 additamentum
1513 3586 1609 3645 omitti
1636 3606 1697 3644 non

362 3690 448 3750 solet.
485 3691 590 3750 Possis
613 3691 797 3752 adeundam
820 3713 961 3752 revocare
983 3694 1101 3752 titulum
1124 3694 1272 3751 urbanum
1287 3691 1376 3749 huius
1391 3690 1458 3765 eph.
1476 3689 1567 3748 vol.4
1590 3708 1619 3765 p.
1636 3686 1698 3746 288

362 3813 391 3850 n.
409 3792 483 3850 830:
631 3793 839 3855 Scribonianus
862 3815 930 3868 aaa,
951 3815 1052 3872 aspar,
1068 3797 1192 3872 fetialis.

362 3966 366 3971 .
372 3967 754 3976 ——--—.-—.--—..

362 3985 679 3995 ——h——-.
1416 3985 1691 3991 —...—.——

664 4133 867 4194 SYNNADA
892 4134 1044 4211 Phrygias
1066 4133 1211 4211 (Tacitisut
1232 4131 1395 4208 Kasacbc).

359 4287 425 4348 128
447 4291 555 4349 litteris
578 4291 730 4350 maximis.
768 4290 930 4368 Synnadis,
953 4309 1030 4368 quae
1051 4291 1169 4350 fuerunt
1190 4308 1249 4348 aon
1271 4288 1309 4347 ad
1328 4287 1429 4346 Alium
1444 4285 1641 4358 Karahissar,
1664 4293 1697 4343 ut

402 4403 490 4451 antea
510 4393 696 4465 credebatur,
720 4393 772 4452 sed
794 4393 832 4452 ad
855 4393 997 4470 oppidum
1018 4393 1114 4470 magis
1130 4393 1169 4452 ad
1183 4391 1338 4453 meridiem
1352 4391 1422 4449 inde
1436 4390 1525 4448 sitnm
1541 4387 1697 4446 Tscbilut-

399 4494 542 4553 Kassaba
569 4494 609 4570 (v.
632 4493 741 4553 Perrot
766 4514 850 4554 renue
876 4494 1094 4572 arciiotopiquc
1122 4495 1179 4553 vol.
1198 4495 1233 4552 31
1264 4513 1290 4552 a.
1310 4491 1388 4550 1876
1410 4511 1439 4567 p.
1459 4491 1532 4562 1903
1560 4489 1696 4566 Ramsay
1804 4483 1805 4490 '

399 4597 482 4654 Ball.
504 4598 538 4653 dc
562 4614 635 4655 carr.
656 4597 720 4654 bell.
740 4598 756 4655 7
781 4617 809 4656 a.
828 4596 906 4657 1883
930 4616 959 4674 p.
976 4596 1049 4674 997)
1073 4598 1104 4656 in
1126 4597 1209 4656 fonte
1231 4595 1352 4673 publico
1374 4594 1404 4652 in
1426 4611 1516 4669 opere
1537 4593 1649 4669 posita.

892 4853 1040 4898 clavmvs
1055 4853 1111 4896 ns

803 4955 885 5008 ipal‘
899 4969 905 4983 ·
919 4955 1267 4999 ASIATlCVS·TR·lAlL·

353 5161 487 5238 Ramsay
509 5163 687 5239 descriptam
710 5163 793 5220 misit
814 5171 844 5219 et
865 5162 959 5221 edidit
979 5163 1061 5222 Ball.
1086 5165 1119 5220 dc
1142 5181 1214 5220 corr.
1232 5161 1297 5219 bell.
1315 5161 1331 5219 7
1356 5158 1465 5237 (1883)
1487 5179 1517 5237 p.
1534 5158 1605 5220 306.
