<?xml version="1.0" encoding="UTF-8"?>
<!DOCTYPE html PUBLIC "-//W3C//DTD XHTML 1.0 Transitional//EN"
    "http://www.w3.org/TR/xhtml1/DTD/xhtml1-transitional.dtd">
<html xmlns="http://www.w3.org/1999/xhtml" xml:lang="en" lang="en">
 <head>
  <title>
</title>
<meta http-equiv="Content-Type" content="text/html;charset=utf-8" />
  <meta name='ocr-system' content='tesseract 3.04.00' />
  <meta name='ocr-capabilities' content='ocr_page ocr_carea ocr_par ocr_line ocrx_word'/>
</head>
<body>
  <div class='ocr_page' id='page_1' title='image "./ephemerisepigra16instgoog_0644.png"; bbox 0 0 3524 5932; ppageno 0'>
   <div class='ocr_carea' id='block_1_1' title="bbox 431 519 1404 592">
    <p class='ocr_par' dir='ltr' id='par_1_1' title="bbox 431 519 1404 592">
     <span class='ocr_line' id='line_1_1' title="bbox 431 519 1404 592; baseline -0.002 1"><span class='ocrx_word' id='word_1_1' title='bbox 431 539 731 592; x_wconf 80' lang='lat' dir='ltr'><strong>onsnnvsmouss</strong></span> <span class='ocrx_word' id='word_1_2' title='bbox 758 539 1046 592; x_wconf 78' lang='lat' dir='ltr'><strong>neronsrnrcsn.</strong></span> <span class='ocrx_word' id='word_1_3' title='bbox 1333 519 1404 592; x_wconf 80' lang='lat'><strong>629</strong></span> 
     </span>
    </p>
   </div>
   <div class='ocr_carea' id='block_1_2' title="bbox 65 713 1407 1919">
    <p class='ocr_par' dir='ltr' id='par_1_2' title="bbox 65 713 1407 1919">
     <span class='ocr_line' id='line_1_2' title="bbox 71 713 1405 797; baseline -0.004 -21"><span class='ocrx_word' id='word_1_4' title='bbox 71 719 177 796; x_wconf 90' lang='lat' dir='ltr'><strong>Itaque</strong></span> <span class='ocrx_word' id='word_1_5' title='bbox 199 721 230 778; x_wconf 92' lang='lat' dir='ltr'><strong>in</strong></span> <span class='ocrx_word' id='word_1_6' title='bbox 252 721 389 797; x_wconf 87' lang='lat' dir='ltr'><strong>partibus</strong></span> <span class='ocrx_word' id='word_1_7' title='bbox 416 717 588 779; x_wconf 79' lang='lat' dir='ltr'><strong>Occidentis</strong></span> <span class='ocrx_word' id='word_1_8' title='bbox 612 714 754 792; x_wconf 83' lang='lat' dir='ltr'><strong>magister</strong></span> <span class='ocrx_word' id='word_1_9' title='bbox 775 714 941 772; x_wconf 87' lang='lat' dir='ltr'><strong>officiorum</strong></span> <span class='ocrx_word' id='word_1_10' title='bbox 967 723 996 772; x_wconf 88' lang='lat' dir='ltr'><strong>et</strong></span> <span class='ocrx_word' id='word_1_11' title='bbox 1027 719 1150 791; x_wconf 84' lang='lat' dir='ltr'><strong>agentes</strong></span> <span class='ocrx_word' id='word_1_12' title='bbox 1172 713 1203 771; x_wconf 91' lang='lat' dir='ltr'><strong>in</strong></span> <span class='ocrx_word' id='word_1_13' title='bbox 1228 714 1317 772; x_wconf 89' lang='lat' dir='ltr'><strong>rehus</strong></span> <span class='ocrx_word' id='word_1_14' title='bbox 1343 721 1405 772; x_wconf 91' lang='lat' dir='ltr'><strong>tum</strong></span> 
     </span>
     <span class='ocr_line' id='line_1_3' title="bbox 72 815 1406 899; baseline -0.004 -19"><span class='ocrx_word' id='word_1_15' title='bbox 72 839 136 881; x_wconf 89' lang='lat' dir='ltr'><strong>cum</strong></span> <span class='ocrx_word' id='word_1_16' title='bbox 159 823 197 882; x_wconf 88' lang='lat' dir='ltr'><strong>iis</strong></span> <span class='ocrx_word' id='word_1_17' title='bbox 220 823 405 899; x_wconf 76' lang='lat' dir='ltr'><strong>principatus</strong></span> <span class='ocrx_word' id='word_1_18' title='bbox 422 822 565 881; x_wconf 87' lang='lat' dir='ltr'><strong>militares</strong></span> <span class='ocrx_word' id='word_1_19' title='bbox 581 817 776 895; x_wconf 82' lang='lat' dir='ltr'>eriperentur,</span> <span class='ocrx_word' id='word_1_20' title='bbox 791 818 880 876; x_wconf 90' lang='lat' dir='ltr'><strong>etiam</strong></span> <span class='ocrx_word' id='word_1_21' title='bbox 896 817 927 876; x_wconf 92' lang='lat' dir='ltr'><strong>in</strong></span> <span class='ocrx_word' id='word_1_22' title='bbox 944 815 1082 876; x_wconf 85' lang='lat' dir='ltr'><strong>civilibus</strong></span> <span class='ocrx_word' id='word_1_23' title='bbox 1098 815 1228 892; x_wconf 89' lang='lat' dir='ltr'><strong>aliquam</strong></span> <span class='ocrx_word' id='word_1_24' title='bbox 1247 817 1406 892; x_wconf 84' lang='lat' dir='ltr'><strong>potcstatis</strong></span> 
     </span>
     <span class='ocr_line' id='line_1_4' title="bbox 72 916 1407 995; baseline -0.005 -13"><span class='ocrx_word' id='word_1_25' title='bbox 72 923 310 983; x_wconf 86' lang='lat' dir='ltr'><strong>imminutionem</strong></span> <span class='ocrx_word' id='word_1_26' title='bbox 343 925 480 983; x_wconf 83' lang='lat' dir='ltr'><strong>videntur</strong></span> <span class='ocrx_word' id='word_1_27' title='bbox 512 921 649 981; x_wconf 81' lang='lat' dir='ltr'><strong>subiisse.</strong></span> <span class='ocrx_word' id='word_1_28' title='bbox 714 916 774 978; x_wconf 86' lang='lat' dir='ltr'><strong>Sed</strong></span> <span class='ocrx_word' id='word_1_29' title='bbox 807 918 959 978; x_wconf 87' lang='lat' dir='ltr'><strong>fatendum</strong></span> <span class='ocrx_word' id='word_1_30' title='bbox 992 929 1038 978; x_wconf 89' lang='lat' dir='ltr'><strong>est</strong></span> <span class='ocrx_word' id='word_1_31' title='bbox 1070 937 1145 994; x_wconf 91' lang='lat' dir='ltr'><strong>quae</strong></span> <span class='ocrx_word' id='word_1_32' title='bbox 1177 918 1235 976; x_wconf 87' lang='lat' dir='ltr'><strong>iam</strong></span> <span class='ocrx_word' id='word_1_33' title='bbox 1268 918 1407 995; x_wconf 85' lang='lat' dir='ltr'><strong>leguntur</strong></span> 
     </span>
     <span class='ocr_line' id='line_1_5' title="bbox 72 1018 1406 1102; baseline -0.004 -20"><span class='ocrx_word' id='word_1_34' title='bbox 72 1027 244 1102; x_wconf 88' lang='lat' dir='ltr'><strong>perturbata</strong></span> <span class='ocrx_word' id='word_1_35' title='bbox 265 1044 332 1086; x_wconf 89' lang='lat' dir='ltr'><strong>esse</strong></span> <span class='ocrx_word' id='word_1_36' title='bbox 354 1034 384 1084; x_wconf 88' lang='lat' dir='ltr'><strong>et</strong></span> <span class='ocrx_word' id='word_1_37' title='bbox 409 1027 537 1085; x_wconf 85' lang='lat' dir='ltr'><strong>fortasse</strong></span> <span class='ocrx_word' id='word_1_38' title='bbox 564 1021 722 1083; x_wconf 87' lang='lat' dir='ltr'><strong>emendata</strong></span> <span class='ocrx_word' id='word_1_39' title='bbox 748 1021 931 1096; x_wconf 82' lang='lat' dir='ltr'><strong>imperfecte.</strong></span> <span class='ocrx_word' id='word_1_40' title='bbox 983 1020 1063 1080; x_wconf 89' lang='lat' dir='ltr'><strong>Nam</strong></span> <span class='ocrx_word' id='word_1_41' title='bbox 1090 1040 1156 1079; x_wconf 90' lang='lat' dir='ltr'><strong>cum</strong></span> <span class='ocrx_word' id='word_1_42' title='bbox 1178 1018 1296 1079; x_wconf 78' lang='lat' dir='ltr'><strong>NotitIa</strong></span> <span class='ocrx_word' id='word_1_43' title='bbox 1319 1019 1406 1079; x_wconf 88' lang='lat' dir='ltr'><strong>Occi-</strong></span> 
     </span>
     <span class='ocr_line' id='line_1_6' title="bbox 71 1121 1404 1205; baseline -0.004 -21"><span class='ocrx_word' id='word_1_44' title='bbox 71 1128 167 1188; x_wconf 86' lang='lat' dir='ltr'><strong>dentis</strong></span> <span class='ocrx_word' id='word_1_45' title='bbox 190 1127 265 1187; x_wconf 91' lang='lat' dir='ltr'><strong>duos</strong></span> <span class='ocrx_word' id='word_1_46' title='bbox 288 1128 456 1204; x_wconf 85' lang='lat' dir='ltr'><strong>praefectos</strong></span> <span class='ocrx_word' id='word_1_47' title='bbox 479 1125 630 1205; x_wconf 85' lang='lat' dir='ltr'><strong>practorio</strong></span> <span class='ocrx_word' id='word_1_48' title='bbox 651 1133 805 1181; x_wconf 87' lang='lat' dir='ltr'><strong>recenseat</strong></span> <span class='ocrx_word' id='word_1_49' title='bbox 825 1123 932 1182; x_wconf 90' lang='lat' dir='ltr'><strong>Italiae</strong></span> <span class='ocrx_word' id='word_1_50' title='bbox 954 1131 984 1182; x_wconf 89' lang='lat' dir='ltr'><strong>et</strong></span> <span class='ocrx_word' id='word_1_51' title='bbox 1007 1121 1192 1195; x_wconf 86' lang='lat' dir='ltr'><strong>Galliarum,</strong></span> <span class='ocrx_word' id='word_1_52' title='bbox 1215 1140 1320 1196; x_wconf 90' lang='lat' dir='ltr'><strong>parum</strong></span> <span class='ocrx_word' id='word_1_53' title='bbox 1343 1141 1404 1180; x_wconf 90' lang='lat' dir='ltr'><strong>cre·</strong></span> 
     </span>
     <span class='ocr_line' id='line_1_7' title="bbox 70 1223 1404 1306; baseline -0.003 -20"><span class='ocrx_word' id='word_1_54' title='bbox 70 1229 162 1288; x_wconf 90' lang='lat' dir='ltr'><strong>dibile</strong></span> <span class='ocrx_word' id='word_1_55' title='bbox 187 1239 235 1289; x_wconf 86' lang='lat' dir='ltr'><strong>cst</strong></span> <span class='ocrx_word' id='word_1_56' title='bbox 261 1230 448 1306; x_wconf 83' lang='lat' dir='ltr'><strong>praesidibus</strong></span> <span class='ocrx_word' id='word_1_57' title='bbox 473 1230 523 1287; x_wconf 85' lang='lat' dir='ltr'><strong>vel</strong></span> <span class='ocrx_word' id='word_1_58' title='bbox 549 1238 627 1286; x_wconf 90' lang='lat' dir='ltr'><strong>certe</strong></span> <span class='ocrx_word' id='word_1_59' title='bbox 654 1225 861 1284; x_wconf 88' lang='lat' dir='ltr'><strong>consularibus</strong></span> <span class='ocrx_word' id='word_1_60' title='bbox 890 1223 1060 1284; x_wconf 86' lang='lat' dir='ltr'><strong>Galliarum</strong></span> <span class='ocrx_word' id='word_1_61' title='bbox 1090 1225 1253 1302; x_wconf 89' lang='lat' dir='ltr'><strong>prinoipem</strong></span> <span class='ocrx_word' id='word_1_62' title='bbox 1280 1226 1404 1283; x_wconf 89' lang='lat' dir='ltr'><strong>missum</strong></span> 
     </span>
     <span class='ocr_line' id='line_1_8' title="bbox 69 1326 1403 1410; baseline -0.004 -20"><span class='ocrx_word' id='word_1_63' title='bbox 69 1350 133 1390; x_wconf 90' lang='lat' dir='ltr'><strong>esse</strong></span> <span class='ocrx_word' id='word_1_64' title='bbox 159 1333 349 1410; x_wconf 84' lang='lat' dir='ltr'><strong>apraciecto</strong></span> <span class='ocrx_word' id='word_1_65' title='bbox 376 1331 526 1406; x_wconf 87' lang='lat' dir='ltr'><strong>praetorio</strong></span> <span class='ocrx_word' id='word_1_66' title='bbox 548 1329 671 1401; x_wconf 89' lang='lat' dir='ltr'><strong>Italiae;</strong></span> <span class='ocrx_word' id='word_1_67' title='bbox 701 1346 755 1386; x_wconf 92' lang='lat' dir='ltr'><strong>nec</strong></span> <span class='ocrx_word' id='word_1_68' title='bbox 781 1327 877 1404; x_wconf 81' lang='lat' dir='ltr'><strong>magis</strong></span> <span class='ocrx_word' id='word_1_69' title='bbox 903 1326 1017 1405; x_wconf 87' lang='lat' dir='ltr'><strong>placet,</strong></span> <span class='ocrx_word' id='word_1_70' title='bbox 1043 1327 1124 1404; x_wconf 92' lang='lat' dir='ltr'><strong>quod</strong></span> <span class='ocrx_word' id='word_1_71' title='bbox 1151 1326 1263 1386; x_wconf 84' lang='lat' dir='ltr'><strong>vicario</strong></span> <span class='ocrx_word' id='word_1_72' title='bbox 1290 1337 1403 1404; x_wconf 89' lang='lat' dir='ltr'><strong>septem</strong></span> 
     </span>
     <span class='ocr_line' id='line_1_9' title="bbox 68 1429 1403 1511; baseline -0.004 -20"><span class='ocrx_word' id='word_1_73' title='bbox 68 1435 288 1509; x_wconf 82' lang='lat' dir='ltr'><strong>provinciarum</strong></span> <span class='ocrx_word' id='word_1_74' title='bbox 311 1452 330 1491; x_wconf 92' lang='lat' dir='ltr'><strong>a</strong></span> <span class='ocrx_word' id='word_1_75' title='bbox 351 1433 496 1511; x_wconf 88' lang='lat' dir='ltr'><strong>magistro</strong></span> <span class='ocrx_word' id='word_1_76' title='bbox 519 1431 683 1491; x_wconf 83' lang='lat' dir='ltr'><strong>officiorum</strong></span> <span class='ocrx_word' id='word_1_77' title='bbox 706 1431 843 1507; x_wconf 90' lang='lat' dir='ltr'><strong>princeps</strong></span> <span class='ocrx_word' id='word_1_78' title='bbox 866 1430 954 1488; x_wconf 90' lang='lat' dir='ltr'><strong>datur</strong></span> <span class='ocrx_word' id='word_1_79' title='bbox 976 1446 1068 1505; x_wconf 85' lang='lat' dir='ltr'><strong>agens</strong></span> <span class='ocrx_word' id='word_1_80' title='bbox 1090 1431 1121 1488; x_wconf 91' lang='lat' dir='ltr'><strong>in</strong></span> <span class='ocrx_word' id='word_1_81' title='bbox 1138 1430 1238 1501; x_wconf 90' lang='lat' dir='ltr'><strong>rebus,</strong></span> <span class='ocrx_word' id='word_1_82' title='bbox 1261 1429 1403 1505; x_wconf 88' lang='lat' dir='ltr'><strong>praesidi·</strong></span> 
     </span>
     <span class='ocr_line' id='line_1_10' title="bbox 68 1529 1403 1609; baseline -0.004 -15"><span class='ocrx_word' id='word_1_83' title='bbox 68 1537 120 1594; x_wconf 91' lang='lat' dir='ltr'><strong>bus</strong></span> <span class='ocrx_word' id='word_1_84' title='bbox 145 1537 204 1595; x_wconf 92' lang='lat' dir='ltr'><strong>sub</strong></span> <span class='ocrx_word' id='word_1_85' title='bbox 226 1555 262 1594; x_wconf 90' lang='lat' dir='ltr'><strong>eo</strong></span> <span class='ocrx_word' id='word_1_86' title='bbox 285 1537 397 1604; x_wconf 85' lang='lat' dir='ltr'><strong>vicario</strong></span> <span class='ocrx_word' id='word_1_87' title='bbox 425 1535 595 1593; x_wconf 88' lang='lat' dir='ltr'><strong>constitutis</strong></span> <span class='ocrx_word' id='word_1_88' title='bbox 623 1552 642 1590; x_wconf 86' lang='lat' dir='ltr'><strong>a</strong></span> <span class='ocrx_word' id='word_1_89' title='bbox 667 1532 817 1608; x_wconf 87' lang='lat' dir='ltr'><strong>praefecto</strong></span> <span class='ocrx_word' id='word_1_90' title='bbox 844 1533 1003 1609; x_wconf 88' lang='lat' dir='ltr'><strong>praetorio.</strong></span> <span class='ocrx_word' id='word_1_91' title='bbox 1053 1529 1114 1592; x_wconf 83' lang='lat' dir='ltr'><strong>Sed</strong></span> <span class='ocrx_word' id='word_1_92' title='bbox 1141 1531 1219 1590; x_wconf 87' lang='lat' dir='ltr'><strong>ultra</strong></span> <span class='ocrx_word' id='word_1_93' title='bbox 1244 1531 1403 1608; x_wconf 88' lang='lat' dir='ltr'><strong>reprehen-</strong></span> 
     </span>
     <span class='ocr_line' id='line_1_11' title="bbox 69 1631 1403 1710; baseline -0.004 -16"><span class='ocrx_word' id='word_1_94' title='bbox 69 1638 182 1696; x_wconf 84' lang='lat' dir='ltr'><strong>sionem</strong></span> <span class='ocrx_word' id='word_1_95' title='bbox 207 1638 381 1697; x_wconf 90' lang='lat' dir='ltr'><strong>traditorum</strong></span> <span class='ocrx_word' id='word_1_96' title='bbox 405 1637 493 1696; x_wconf 92' lang='lat' dir='ltr'><strong>nobis</strong></span> <span class='ocrx_word' id='word_1_97' title='bbox 515 1654 573 1695; x_wconf 88' lang='lat' dir='ltr'><strong>non</strong></span> <span class='ocrx_word' id='word_1_98' title='bbox 596 1635 698 1694; x_wconf 89' lang='lat' dir='ltr'><strong>datum</strong></span> <span class='ocrx_word' id='word_1_99' title='bbox 722 1643 767 1693; x_wconf 88' lang='lat' dir='ltr'><strong>est</strong></span> <span class='ocrx_word' id='word_1_100' title='bbox 788 1642 820 1693; x_wconf 92' lang='lat' dir='ltr'><strong>ut</strong></span> <span class='ocrx_word' id='word_1_101' title='bbox 834 1633 1039 1710; x_wconf 84' lang='lat' dir='ltr'><strong>procedamus.</strong></span> <span class='ocrx_word' id='word_1_102' title='bbox 1056 1667 1097 1675; x_wconf 98' lang='lat'><em>-</em></span> <span class='ocrx_word' id='word_1_103' title='bbox 1121 1631 1288 1693; x_wconf 85' lang='lat' dir='ltr'><strong>Gothorum</strong></span> <span class='ocrx_word' id='word_1_104' title='bbox 1306 1641 1403 1692; x_wconf 86' lang='lat' dir='ltr'><strong>aetate</strong></span> 
     </span>
     <span class='ocr_line' id='line_1_12' title="bbox 68 1735 1402 1816; baseline -0.004 -18"><span class='ocrx_word' id='word_1_105' title='bbox 68 1741 218 1816; x_wconf 89' lang='lat' dir='ltr'><strong>antiquam</strong></span> <span class='ocrx_word' id='word_1_106' title='bbox 242 1740 459 1800; x_wconf 83' lang='lat' dir='ltr'><strong>ordinationem</strong></span> <span class='ocrx_word' id='word_1_107' title='bbox 480 1738 607 1797; x_wconf 84' lang='lat' dir='ltr'><strong>rediisse</strong></span> <span class='ocrx_word' id='word_1_108' title='bbox 629 1743 660 1796; x_wconf 88' lang='lat' dir='ltr'><strong>et</strong></span> <span class='ocrx_word' id='word_1_109' title='bbox 679 1737 839 1814; x_wconf 88' lang='lat' dir='ltr'><strong>plerosque</strong></span> <span class='ocrx_word' id='word_1_110' title='bbox 861 1744 941 1795; x_wconf 90' lang='lat' dir='ltr'><strong>certe</strong></span> <span class='ocrx_word' id='word_1_111' title='bbox 963 1737 1112 1814; x_wconf 86' lang='lat' dir='ltr'><strong>principes</strong></span> <span class='ocrx_word' id='word_1_112' title='bbox 1135 1755 1173 1794; x_wconf 86' lang='lat' dir='ltr'><strong>ex</strong></span> <span class='ocrx_word' id='word_1_113' title='bbox 1195 1735 1300 1794; x_wconf 89' lang='lat' dir='ltr'><strong>schola</strong></span> <span class='ocrx_word' id='word_1_114' title='bbox 1314 1753 1402 1811; x_wconf 86' lang='lat' dir='ltr'><strong>agen·</strong></span> 
     </span>
     <span class='ocr_line' id='line_1_13' title="bbox 65 1838 1402 1919; baseline -0.004 -18"><span class='ocrx_word' id='word_1_115' title='bbox 65 1845 135 1901; x_wconf 92' lang='lat' dir='ltr'><strong>tium</strong></span> <span class='ocrx_word' id='word_1_116' title='bbox 165 1843 196 1900; x_wconf 90' lang='lat' dir='ltr'><strong>in</strong></span> <span class='ocrx_word' id='word_1_117' title='bbox 223 1843 314 1902; x_wconf 90' lang='lat' dir='ltr'><strong>rebus</strong></span> <span class='ocrx_word' id='word_1_118' title='bbox 343 1843 399 1901; x_wconf 91' lang='lat' dir='ltr'><strong>sub</strong></span> <span class='ocrx_word' id='word_1_119' title='bbox 425 1841 570 1919; x_wconf 86' lang='lat' dir='ltr'><strong>magistro</strong></span> <span class='ocrx_word' id='word_1_120' title='bbox 598 1839 767 1898; x_wconf 82' lang='lat' dir='ltr'><strong>officiorum</strong></span> <span class='ocrx_word' id='word_1_121' title='bbox 793 1839 954 1898; x_wconf 89' lang='lat' dir='ltr'><strong>constituta</strong></span> <span class='ocrx_word' id='word_1_122' title='bbox 981 1839 1131 1915; x_wconf 84' lang='lat' dir='ltr'><strong>proiectos</strong></span> <span class='ocrx_word' id='word_1_123' title='bbox 1161 1855 1229 1898; x_wconf 88' lang='lat' dir='ltr'><strong>esse</strong></span> <span class='ocrx_word' id='word_1_124' title='bbox 1257 1838 1402 1897; x_wconf 85' lang='lat' dir='ltr'><strong>formulae</strong></span> 
     </span>
    </p>
   </div>
   <div class='ocr_carea' id='block_1_3' title="bbox 67 1941 721 2020">
    <p class='ocr_par' dir='ltr' id='par_1_3' title="bbox 67 1941 721 2020">
     <span class='ocr_line' id='line_1_14' title="bbox 67 1941 721 2020; baseline -0.002 -17"><span class='ocrx_word' id='word_1_125' title='bbox 67 1941 318 2004; x_wconf 84' lang='lat' dir='ltr'><strong>Cassiodorieuae</strong></span> <span class='ocrx_word' id='word_1_126' title='bbox 340 1944 383 2020; x_wconf 87' lang='lat' dir='ltr'><strong>(r.</strong></span> <span class='ocrx_word' id='word_1_127' title='bbox 406 1944 473 2002; x_wconf 88' lang='lat' dir='ltr'><strong>adn.</strong></span> <span class='ocrx_word' id='word_1_128' title='bbox 491 1943 524 2020; x_wconf 86' lang='lat'><strong>4)</strong></span> <span class='ocrx_word' id='word_1_129' title='bbox 547 1943 721 2002; x_wconf 90' lang='lat' dir='ltr'><strong>docuerunt.</strong></span> 
     </span>
    </p>
   </div>
   <div class='ocr_carea' id='block_1_4' title="bbox 109 2761 1348 2947">
    <p class='ocr_par' dir='ltr' id='par_1_4' title="bbox 109 2761 1348 2947">
     <span class='ocr_line' id='line_1_15' title="bbox 109 2761 1348 2838; baseline -0.004 -10"><span class='ocrx_word' id='word_1_130' title='bbox 109 2767 180 2828; x_wconf 89' lang='lat' dir='ltr'><strong>XL.</strong></span> <span class='ocrx_word' id='word_1_131' title='bbox 228 2765 346 2827; x_wconf 86' lang='lat' dir='ltr'>ORDO</span> <span class='ocrx_word' id='word_1_132' title='bbox 377 2763 693 2828; x_wconf 84' lang='lat' dir='ltr'>SALVTATIONIS</span> <span class='ocrx_word' id='word_1_133' title='bbox 721 2761 1125 2838; x_wconf 80' lang='lat' dir='ltr'>SPORTVLARVMQVE</span> <span class='ocrx_word' id='word_1_134' title='bbox 1154 2762 1234 2824; x_wconf 88' lang='lat' dir='ltr'><strong>SVB</strong></span> <span class='ocrx_word' id='word_1_135' title='bbox 1264 2765 1348 2823; x_wconf 89' lang='lat' dir='ltr'><strong>IMP.</strong></span> 
     </span>
     <span class='ocr_line' id='line_1_16' title="bbox 362 2883 1098 2947; baseline -0.004 -1"><span class='ocrx_word' id='word_1_136' title='bbox 362 2885 542 2947; x_wconf 88' lang='lat' dir='ltr'>IVLIANO</span> <span class='ocrx_word' id='word_1_137' title='bbox 569 2885 615 2945; x_wconf 91' lang='lat' dir='ltr'><strong>IN</strong></span> <span class='ocrx_word' id='word_1_138' title='bbox 642 2883 876 2945; x_wconf 82' lang='lat' dir='ltr'>PROVINCIA</span> <span class='ocrx_word' id='word_1_139' title='bbox 900 2884 1098 2944; x_wconf 88' lang='lat' dir='ltr'>NVMIDIA.</span> 
     </span>
    </p>
   </div>
   <div class='ocr_carea' id='block_1_5' title="bbox 52 3070 1481 5297">
    <p class='ocr_par' dir='ltr' id='par_1_5' title="bbox 52 3070 1481 5297">
     <span class='ocr_line' id='line_1_17' title="bbox 101 3070 1481 3150; baseline -0.001 -17"><span class='ocrx_word' id='word_1_140' title='bbox 101 3074 364 3150; x_wconf 83' lang='lat' dir='ltr'><strong>Thamugadensis</strong></span> <span class='ocrx_word' id='word_1_141' title='bbox 386 3073 444 3133; x_wconf 84' lang='lat' dir='ltr'><strong>sori</strong></span> <span class='ocrx_word' id='word_1_142' title='bbox 466 3073 574 3133; x_wconf 85' lang='lat' dir='ltr'><strong>rudera</strong></span> <span class='ocrx_word' id='word_1_143' title='bbox 594 3073 698 3131; x_wconf 90' lang='lat' dir='ltr'><strong>relicta</strong></span> <span class='ocrx_word' id='word_1_144' title='bbox 719 3089 754 3130; x_wconf 87' lang='lat' dir='ltr'><strong>co</strong></span> <span class='ocrx_word' id='word_1_145' title='bbox 776 3072 839 3131; x_wconf 87' lang='lat' dir='ltr'><strong>fere</strong></span> <span class='ocrx_word' id='word_1_146' title='bbox 861 3080 952 3144; x_wconf 88' lang='lat' dir='ltr'><strong>statu,</strong></span> <span class='ocrx_word' id='word_1_147' title='bbox 975 3089 1035 3148; x_wconf 89' lang='lat' dir='ltr'><strong>quo</strong></span> <span class='ocrx_word' id='word_1_148' title='bbox 1057 3071 1156 3130; x_wconf 82' lang='lat' dir='ltr'><strong>iorum</strong></span> <span class='ocrx_word' id='word_1_149' title='bbox 1171 3070 1247 3130; x_wconf 94' lang='lat' dir='ltr'><strong>illud</strong></span> <span class='ocrx_word' id='word_1_150' title='bbox 1263 3071 1319 3130; x_wconf 85' lang='lat' dir='ltr'><strong>fuit</strong></span> <span class='ocrx_word' id='word_1_151' title='bbox 1333 3091 1395 3132; x_wconf 90' lang='lat' dir='ltr'><strong>sae·</strong></span> <span class='ocrx_word' id='word_1_152' title='bbox 1479 3071 1481 3074; x_wconf 72' lang='grc'><strong>’</strong></span> 
     </span>
     <span class='ocr_line' id='line_1_18' title="bbox 61 3173 1395 3254; baseline -0.002 -19"><span class='ocrx_word' id='word_1_153' title='bbox 61 3177 125 3236; x_wconf 92' lang='lat' dir='ltr'><strong>culo</strong></span> <span class='ocrx_word' id='word_1_154' title='bbox 149 3186 257 3254; x_wconf 91' lang='lat' dir='ltr'><strong>quarto</strong></span> <span class='ocrx_word' id='word_1_155' title='bbox 280 3175 392 3248; x_wconf 91' lang='lat' dir='ltr'><strong>medio,</strong></span> <span class='ocrx_word' id='word_1_156' title='bbox 421 3195 487 3235; x_wconf 90' lang='lat' dir='ltr'><strong>cnm</strong></span> <span class='ocrx_word' id='word_1_157' title='bbox 510 3187 598 3234; x_wconf 88' lang='lat' dir='ltr'><strong>antea</strong></span> <span class='ocrx_word' id='word_1_158' title='bbox 620 3175 678 3232; x_wconf 86' lang='lat' dir='ltr'><strong>iam</strong></span> <span class='ocrx_word' id='word_1_159' title='bbox 701 3183 732 3232; x_wconf 89' lang='lat' dir='ltr'><strong>et</strong></span> <span class='ocrx_word' id='word_1_160' title='bbox 757 3184 950 3233; x_wconf 88' lang='lat' dir='ltr'><strong>monumenta</strong></span> <span class='ocrx_word' id='word_1_161' title='bbox 976 3174 1038 3232; x_wconf 86' lang='lat' dir='ltr'><strong>alia</strong></span> <span class='ocrx_word' id='word_1_162' title='bbox 1063 3173 1219 3250; x_wconf 87' lang='lat' dir='ltr'><strong>praeclara</strong></span> <span class='ocrx_word' id='word_1_163' title='bbox 1244 3183 1273 3232; x_wconf 88' lang='lat' dir='ltr'><strong>et</strong></span> <span class='ocrx_word' id='word_1_164' title='bbox 1300 3175 1395 3232; x_wconf 82' lang='lat' dir='ltr'><strong>album</strong></span> 
     </span>
     <span class='ocr_line' id='line_1_19' title="bbox 62 3274 1396 3355; baseline -0.001 -19"><span class='ocrx_word' id='word_1_165' title='bbox 62 3281 169 3338; x_wconf 78' lang='lat' dir='ltr'><strong>ordinis</strong></span> <span class='ocrx_word' id='word_1_166' title='bbox 192 3276 334 3353; x_wconf 78' lang='lat' dir='ltr'><strong>(ovnl,</strong></span> <span class='ocrx_word' id='word_1_167' title='bbox 358 3277 454 3354; x_wconf 78' lang='lat'>2403)</span> <span class='ocrx_word' id='word_1_168' title='bbox 476 3276 652 3355; x_wconf 87' lang='lat' dir='ltr'><strong>protulerint</strong></span> <span class='ocrx_word' id='word_1_169' title='bbox 674 3277 874 3352; x_wconf 75' lang='lat' dir='ltr'><strong>conscmptum</strong></span> <span class='ocrx_word' id='word_1_170' title='bbox 897 3276 976 3334; x_wconf 90' lang='lat' dir='ltr'><strong>circa</strong></span> <span class='ocrx_word' id='word_1_171' title='bbox 998 3284 1133 3352; x_wconf 88' lang='lat' dir='ltr'><strong>tempora</strong></span> <span class='ocrx_word' id='word_1_172' title='bbox 1154 3274 1278 3350; x_wconf 87' lang='lat' dir='ltr'><strong>Iuliani,</strong></span> <span class='ocrx_word' id='word_1_173' title='bbox 1301 3295 1396 3352; x_wconf 88' lang='lat' dir='ltr'><strong>nuper</strong></span> 
     </span>
     <span class='ocr_line' id='line_1_20' title="bbox 61 3375 1395 3456; baseline -0.001 -18"><span class='ocrx_word' id='word_1_174' title='bbox 61 3381 105 3439; x_wconf 91' lang='lat' dir='ltr'><strong>his</strong></span> <span class='ocrx_word' id='word_1_175' title='bbox 129 3380 309 3439; x_wconf 89' lang='lat' dir='ltr'><strong>addiderunt</strong></span> <span class='ocrx_word' id='word_1_176' title='bbox 330 3387 443 3440; x_wconf 88' lang='lat' dir='ltr'><strong>statuta</strong></span> <span class='ocrx_word' id='word_1_177' title='bbox 464 3379 632 3439; x_wconf 88' lang='lat' dir='ltr'><strong>consularis</strong></span> <span class='ocrx_word' id='word_1_178' title='bbox 647 3375 807 3438; x_wconf 89' lang='lat' dir='ltr'><strong>Numidiae</strong></span> <span class='ocrx_word' id='word_1_179' title='bbox 830 3378 866 3436; x_wconf 90' lang='lat' dir='ltr'><strong>de</strong></span> <span class='ocrx_word' id='word_1_180' title='bbox 888 3377 992 3436; x_wconf 89' lang='lat' dir='ltr'><strong>ordine</strong></span> <span class='ocrx_word' id='word_1_181' title='bbox 1007 3376 1197 3437; x_wconf 87' lang='lat' dir='ltr'><strong>salutationis</strong></span> <span class='ocrx_word' id='word_1_182' title='bbox 1214 3378 1295 3437; x_wconf 90' lang='lat' dir='ltr'><strong>etde</strong></span> <span class='ocrx_word' id='word_1_183' title='bbox 1310 3395 1395 3456; x_wconf 89' lang='lat' dir='ltr'><strong>spor-</strong></span> 
     </span>
     <span class='ocr_line' id='line_1_21' title="bbox 59 3478 1394 3560; baseline -0.001 -20"><span class='ocrx_word' id='word_1_184' title='bbox 59 3483 128 3540; x_wconf 82' lang='lat' dir='ltr'><strong>tulis</strong></span> <span class='ocrx_word' id='word_1_185' title='bbox 151 3483 329 3541; x_wconf 90' lang='lat' dir='ltr'><strong>iudiciornm</strong></span> <span class='ocrx_word' id='word_1_186' title='bbox 350 3483 441 3559; x_wconf 89' lang='lat' dir='ltr'><strong>plena</strong></span> <span class='ocrx_word' id='word_1_187' title='bbox 462 3481 598 3560; x_wconf 84' lang='lat' dir='ltr'><strong>egregiae</strong></span> <span class='ocrx_word' id='word_1_188' title='bbox 621 3489 650 3538; x_wconf 90' lang='lat' dir='ltr'><strong>et</strong></span> <span class='ocrx_word' id='word_1_189' title='bbox 671 3499 766 3540; x_wconf 81' lang='lat' dir='ltr'><strong>novae</strong></span> <span class='ocrx_word' id='word_1_190' title='bbox 787 3482 876 3559; x_wconf 90' lang='lat' dir='ltr'><strong>plane</strong></span> <span class='ocrx_word' id='word_1_191' title='bbox 899 3479 1084 3552; x_wconf 89' lang='lat' dir='ltr'><strong>eruditionis,</strong></span> <span class='ocrx_word' id='word_1_192' title='bbox 1106 3478 1186 3540; x_wconf 88' lang='lat' dir='ltr'><strong>edita</strong></span> <span class='ocrx_word' id='word_1_193' title='bbox 1205 3481 1335 3558; x_wconf 90' lang='lat' dir='ltr'><strong>primum</strong></span> <span class='ocrx_word' id='word_1_194' title='bbox 1357 3482 1394 3539; x_wconf 87' lang='lat' dir='ltr'><strong>ab</strong></span> 
     </span>
     <span class='ocr_line' id='line_1_22' title="bbox 58 3581 1394 3662; baseline -0.001 -19"><span class='ocrx_word' id='word_1_195' title='bbox 58 3585 213 3645; x_wconf 81' lang='lat' dir='ltr'><strong>indefesso</strong></span> <span class='ocrx_word' id='word_1_196' title='bbox 229 3594 371 3645; x_wconf 83' lang='lat' dir='ltr'><strong>veterano</strong></span> <span class='ocrx_word' id='word_1_197' title='bbox 387 3585 627 3662; x_wconf 89' lang='lat' dir='ltr'><strong>exploraticnnm</strong></span> <span class='ocrx_word' id='word_1_198' title='bbox 639 3583 850 3642; x_wconf 89' lang='lat' dir='ltr'><strong>Africanarum</strong></span> <span class='ocrx_word' id='word_1_199' title='bbox 862 3584 899 3640; x_wconf 88' lang='lat' dir='ltr'><strong>A.</strong></span> <span class='ocrx_word' id='word_1_200' title='bbox 911 3581 1018 3640; x_wconf 90' lang='lat' dir='ltr'><strong>Poulle</strong></span> <span class='ocrx_word' id='word_1_201' title='bbox 1035 3582 1152 3658; x_wconf 83' lang='lat' dir='ltr'><strong>(recueil</strong></span> <span class='ocrx_word' id='word_1_202' title='bbox 1165 3583 1199 3641; x_wconf 82' lang='lat' dir='ltr'><strong>de</strong></span> <span class='ocrx_word' id='word_1_203' title='bbox 1213 3581 1394 3643; x_wconf 82' lang='lat' dir='ltr'><strong>Constantr&#39;ne</strong></span> 
     </span>
     <span class='ocr_line' id='line_1_23' title="bbox 59 3681 1392 3764; baseline -0.001 -20"><span class='ocrx_word' id='word_1_204' title='bbox 59 3688 117 3745; x_wconf 82' lang='lat' dir='ltr'><strong>rol.</strong></span> <span class='ocrx_word' id='word_1_205' title='bbox 136 3686 176 3745; x_wconf 73' lang='lat'><strong>22</strong></span> <span class='ocrx_word' id='word_1_206' title='bbox 199 3707 226 3747; x_wconf 88' lang='lat' dir='ltr'><strong>a.</strong></span> <span class='ocrx_word' id='word_1_207' title='bbox 241 3685 321 3746; x_wconf 74' lang='lat'>1882</span> <span class='ocrx_word' id='word_1_208' title='bbox 344 3707 373 3764; x_wconf 89' lang='lat' dir='ltr'><strong>p.</strong></span> <span class='ocrx_word' id='word_1_209' title='bbox 386 3686 462 3758; x_wconf 76' lang='lat'>4013</span> <span class='ocrx_word' id='word_1_210' title='bbox 490 3686 629 3762; x_wconf 85' lang='lat' dir='ltr'><strong>repetivit</strong></span> <span class='ocrx_word' id='word_1_211' title='bbox 651 3703 743 3761; x_wconf 90' lang='lat' dir='ltr'><strong>snpra</strong></span> <span class='ocrx_word' id='word_1_212' title='bbox 763 3705 793 3762; x_wconf 90' lang='lat' dir='ltr'><strong>p.</strong></span> <span class='ocrx_word' id='word_1_213' title='bbox 810 3683 869 3744; x_wconf 87' lang='grc'><strong>386</strong></span> <span class='ocrx_word' id='word_1_214' title='bbox 893 3681 1099 3760; x_wconf 88' lang='lat' dir='ltr'><strong>Schmidtius).</strong></span> <span class='ocrx_word' id='word_1_215' title='bbox 1143 3683 1189 3744; x_wconf 85' lang='lat' dir='ltr'><strong>Ea</strong></span> <span class='ocrx_word' id='word_1_216' title='bbox 1210 3683 1302 3743; x_wconf 91' lang='lat' dir='ltr'><strong>editio</strong></span> <span class='ocrx_word' id='word_1_217' title='bbox 1325 3703 1392 3744; x_wconf 90' lang='lat' dir='ltr'><strong>cum</strong></span> 
     </span>
     <span class='ocr_line' id='line_1_24' title="bbox 59 3786 1393 3865; baseline -0.001 -19"><span class='ocrx_word' id='word_1_218' title='bbox 59 3789 93 3846; x_wconf 88' lang='lat' dir='ltr'><strong>ad</strong></span> <span class='ocrx_word' id='word_1_219' title='bbox 117 3809 166 3848; x_wconf 89' lang='lat' dir='ltr'><strong>me</strong></span> <span class='ocrx_word' id='word_1_220' title='bbox 188 3790 307 3865; x_wconf 89' lang='lat' dir='ltr'><strong>perlata</strong></span> <span class='ocrx_word' id='word_1_221' title='bbox 329 3799 416 3863; x_wconf 89' lang='lat' dir='ltr'><strong>essct,</strong></span> <span class='ocrx_word' id='word_1_222' title='bbox 440 3788 496 3847; x_wconf 91' lang='lat' dir='ltr'><strong>etsi</strong></span> <span class='ocrx_word' id='word_1_223' title='bbox 520 3788 654 3846; x_wconf 86' lang='lat' dir='ltr'><strong>videbam</strong></span> <span class='ocrx_word' id='word_1_224' title='bbox 677 3788 756 3846; x_wconf 90' lang='lat' dir='ltr'><strong>hunc</strong></span> <span class='ocrx_word' id='word_1_225' title='bbox 778 3804 897 3862; x_wconf 90' lang='lat' dir='ltr'><strong>quoque</strong></span> <span class='ocrx_word' id='word_1_226' title='bbox 918 3786 1048 3863; x_wconf 88' lang='lat' dir='ltr'><strong>lapidem</strong></span> <span class='ocrx_word' id='word_1_227' title='bbox 1068 3787 1158 3845; x_wconf 87' lang='lat' dir='ltr'><strong>solita</strong></span> <span class='ocrx_word' id='word_1_228' title='bbox 1171 3786 1326 3863; x_wconf 83' lang='lat' dir='ltr'><strong>diligentia</strong></span> <span class='ocrx_word' id='word_1_229' title='bbox 1341 3806 1393 3846; x_wconf 82' lang='lat' dir='ltr'><strong>ex·</strong></span> 
     </span>
     <span class='ocr_line' id='line_1_25' title="bbox 58 3888 1392 3968; baseline -0.001 -20"><span class='ocrx_word' id='word_1_230' title='bbox 58 3903 177 3967; x_wconf 90' lang='lat' dir='ltr'><strong>ceptum</strong></span> <span class='ocrx_word' id='word_1_231' title='bbox 200 3909 267 3951; x_wconf 87' lang='lat' dir='ltr'><strong>esso</strong></span> <span class='ocrx_word' id='word_1_232' title='bbox 288 3909 384 3967; x_wconf 88' lang='lat' dir='ltr'><strong>neque</strong></span> <span class='ocrx_word' id='word_1_233' title='bbox 407 3891 500 3948; x_wconf 87' lang='lat' dir='ltr'><strong>ullam</strong></span> <span class='ocrx_word' id='word_1_234' title='bbox 522 3891 665 3968; x_wconf 83' lang='lat' dir='ltr'><strong>pleraque</strong></span> <span class='ocrx_word' id='word_1_235' title='bbox 687 3889 883 3949; x_wconf 81' lang='lat' dir='ltr'><strong>offensionem</strong></span> <span class='ocrx_word' id='word_1_236' title='bbox 905 3888 1063 3962; x_wconf 88' lang='lat' dir='ltr'><strong>habebant,</strong></span> <span class='ocrx_word' id='word_1_237' title='bbox 1087 3897 1186 3948; x_wconf 88' lang='lat' dir='ltr'><strong>tamen</strong></span> <span class='ocrx_word' id='word_1_238' title='bbox 1208 3907 1314 3949; x_wconf 91' lang='lat' dir='ltr'><strong>versus</strong></span> <span class='ocrx_word' id='word_1_239' title='bbox 1337 3907 1392 3947; x_wconf 83' lang='lat' dir='ltr'><strong>sex</strong></span> 
     </span>
     <span class='ocr_line' id='line_1_26' title="bbox 57 3990 1392 4070; baseline 0 -20"><span class='ocrx_word' id='word_1_240' title='bbox 57 3990 193 4070; x_wconf 80' lang='lat'>(9-14)</span> <span class='ocrx_word' id='word_1_241' title='bbox 220 3992 380 4054; x_wconf 90' lang='lat' dir='ltr'><strong>admodum</strong></span> <span class='ocrx_word' id='word_1_242' title='bbox 403 3992 480 4051; x_wconf 87' lang='lat' dir='ltr'><strong>male</strong></span> <span class='ocrx_word' id='word_1_243' title='bbox 501 3991 595 4051; x_wconf 87' lang='lat' dir='ltr'><strong>habiti</strong></span> <span class='ocrx_word' id='word_1_244' title='bbox 623 4011 682 4050; x_wconf 91' lang='lat' dir='ltr'><strong>non</strong></span> <span class='ocrx_word' id='word_1_245' title='bbox 709 3992 806 4050; x_wconf 89' lang='lat' dir='ltr'><strong>solum</strong></span> <span class='ocrx_word' id='word_1_246' title='bbox 833 3991 891 4068; x_wconf 91' lang='lat' dir='ltr'><strong>ipsi</strong></span> <span class='ocrx_word' id='word_1_247' title='bbox 919 4009 1023 4066; x_wconf 89' lang='lat' dir='ltr'><strong>parum</strong></span> <span class='ocrx_word' id='word_1_248' title='bbox 1050 3991 1311 4067; x_wconf 86' lang='lat' dir='ltr'><strong>intellegebantur,</strong></span> <span class='ocrx_word' id='word_1_249' title='bbox 1339 3992 1392 4050; x_wconf 90' lang='lat' dir='ltr'><strong>sed</strong></span> 
     </span>
     <span class='ocr_line' id='line_1_27' title="bbox 57 4091 1392 4169; baseline -0.001 -17"><span class='ocrx_word' id='word_1_250' title='bbox 57 4095 146 4153; x_wconf 87' lang='lat' dir='ltr'><strong>etiam</strong></span> <span class='ocrx_word' id='word_1_251' title='bbox 176 4095 308 4154; x_wconf 82' lang='lat' dir='ltr'><strong>universi</strong></span> <span class='ocrx_word' id='word_1_252' title='bbox 336 4093 518 4154; x_wconf 90' lang='lat' dir='ltr'><strong>monumenti</strong></span> <span class='ocrx_word' id='word_1_253' title='bbox 545 4101 651 4152; x_wconf 90' lang='lat' dir='ltr'><strong>natura</strong></span> <span class='ocrx_word' id='word_1_254' title='bbox 677 4101 707 4152; x_wconf 89' lang='lat' dir='ltr'><strong>et</strong></span> <span class='ocrx_word' id='word_1_255' title='bbox 734 4093 869 4152; x_wconf 91' lang='lat' dir='ltr'><strong>condicio</strong></span> <span class='ocrx_word' id='word_1_256' title='bbox 899 4100 1022 4169; x_wconf 85' lang='lat' dir='ltr'><strong>propter</strong></span> <span class='ocrx_word' id='word_1_257' title='bbox 1051 4112 1116 4150; x_wconf 92' lang='lat' dir='ltr'><strong>eum</strong></span> <span class='ocrx_word' id='word_1_258' title='bbox 1151 4091 1297 4153; x_wconf 85' lang='lat' dir='ltr'><strong>defectum</strong></span> <span class='ocrx_word' id='word_1_259' title='bbox 1330 4112 1392 4152; x_wconf 89' lang='lat' dir='ltr'><strong>non</strong></span> 
     </span>
     <span class='ocr_line' id='line_1_28' title="bbox 57 4194 1390 4274; baseline 0.001 -20"><span class='ocrx_word' id='word_1_260' title='bbox 57 4199 131 4256; x_wconf 85' lang='lat' dir='ltr'><strong>satis</strong></span> <span class='ocrx_word' id='word_1_261' title='bbox 153 4197 399 4273; x_wconf 86' lang='lat' dir='ltr'><strong>perspiciebatur.</strong></span> <span class='ocrx_word' id='word_1_262' title='bbox 449 4196 639 4274; x_wconf 84' lang='lat' dir='ltr'><strong>Quapropter</strong></span> <span class='ocrx_word' id='word_1_263' title='bbox 661 4215 714 4273; x_wconf 91' lang='lat' dir='ltr'><strong>per</strong></span> <span class='ocrx_word' id='word_1_264' title='bbox 734 4196 850 4254; x_wconf 88' lang='lat' dir='ltr'><strong>litteras</strong></span> <span class='ocrx_word' id='word_1_265' title='bbox 871 4194 1024 4253; x_wconf 92' lang='lat' dir='ltr'><strong>Poullinm</strong></span> <span class='ocrx_word' id='word_1_266' title='bbox 1047 4195 1166 4271; x_wconf 85' lang='lat' dir='ltr'><strong>rogavi,</strong></span> <span class='ocrx_word' id='word_1_267' title='bbox 1194 4204 1226 4255; x_wconf 91' lang='lat' dir='ltr'><strong>ut</strong></span> <span class='ocrx_word' id='word_1_268' title='bbox 1252 4203 1390 4274; x_wconf 87' lang='lat' dir='ltr'><strong>ectypum</strong></span> 
     </span>
     <span class='ocr_line' id='line_1_29' title="bbox 55 4297 1389 4376; baseline 0.002 -21"><span class='ocrx_word' id='word_1_269' title='bbox 55 4299 128 4356; x_wconf 92' lang='lat' dir='ltr'><strong>mihi</strong></span> <span class='ocrx_word' id='word_1_270' title='bbox 156 4299 372 4359; x_wconf 83' lang='lat' dir='ltr'><strong>conficiendum</strong></span> <span class='ocrx_word' id='word_1_271' title='bbox 399 4309 525 4357; x_wconf 89' lang='lat' dir='ltr'><strong>curaret.</strong></span> <span class='ocrx_word' id='word_1_272' title='bbox 581 4297 695 4356; x_wconf 86' lang='lat' dir='ltr'><strong>Adnuit</strong></span> <span class='ocrx_word' id='word_1_273' title='bbox 721 4299 771 4356; x_wconf 87' lang='lat' dir='ltr'><strong>illc</strong></span> <span class='ocrx_word' id='word_1_274' title='bbox 800 4297 934 4374; x_wconf 82' lang='lat' dir='ltr'><strong>adeoque</strong></span> <span class='ocrx_word' id='word_1_275' title='bbox 961 4297 1108 4356; x_wconf 88' lang='lat' dir='ltr'><strong>nuntiavit</strong></span> <span class='ocrx_word' id='word_1_276' title='bbox 1138 4316 1171 4357; x_wconf 89' lang='lat' dir='ltr'><strong>se</strong></span> <span class='ocrx_word' id='word_1_277' title='bbox 1197 4299 1296 4376; x_wconf 89' lang='lat' dir='ltr'><strong>ipsum</strong></span> <span class='ocrx_word' id='word_1_278' title='bbox 1323 4318 1389 4358; x_wconf 91' lang='lat' dir='ltr'><strong>cum</strong></span> 
     </span>
     <span class='ocr_line' id='line_1_30' title="bbox 54 4399 1390 4478; baseline 0.001 -23"><span class='ocrx_word' id='word_1_279' title='bbox 54 4399 116 4457; x_wconf 87' lang='lat' dir='ltr'><strong>ficri</strong></span> <span class='ocrx_word' id='word_1_280' title='bbox 141 4409 246 4475; x_wconf 87' lang='lat' dir='ltr'><strong>posset</strong></span> <span class='ocrx_word' id='word_1_281' title='bbox 268 4402 332 4459; x_wconf 87' lang='lat' dir='ltr'><strong>eius</strong></span> <span class='ocrx_word' id='word_1_282' title='bbox 353 4401 396 4458; x_wconf 92' lang='lat' dir='ltr'><strong>rei</strong></span> <span class='ocrx_word' id='word_1_283' title='bbox 419 4418 511 4460; x_wconf 87' lang='lat' dir='ltr'><strong>causa</strong></span> <span class='ocrx_word' id='word_1_284' title='bbox 526 4399 714 4478; x_wconf 85' lang='lat' dir='ltr'><strong>Thamugadi</strong></span> <span class='ocrx_word' id='word_1_285' title='bbox 738 4399 939 4476; x_wconf 84' lang='lat' dir='ltr'><strong>profecturum</strong></span> <span class='ocrx_word' id='word_1_286' title='bbox 962 4417 1038 4470; x_wconf 90' lang='lat' dir='ltr'><strong>esse,</strong></span> <span class='ocrx_word' id='word_1_287' title='bbox 1061 4408 1091 4458; x_wconf 92' lang='lat' dir='ltr'><strong>et</strong></span> <span class='ocrx_word' id='word_1_288' title='bbox 1113 4418 1166 4475; x_wconf 92' lang='lat' dir='ltr'><strong>per</strong></span> <span class='ocrx_word' id='word_1_289' title='bbox 1181 4401 1294 4476; x_wconf 80' lang='lat' dir='ltr'><strong>ailquot</strong></span> <span class='ocrx_word' id='word_1_290' title='bbox 1309 4421 1390 4460; x_wconf 92' lang='lat' dir='ltr'><strong>men·</strong></span> 
     </span>
     <span class='ocr_line' id='line_1_31' title="bbox 55 4502 1388 4579; baseline 0.004 -23"><span class='ocrx_word' id='word_1_291' title='bbox 55 4517 101 4558; x_wconf 87' lang='lat' dir='ltr'><strong>scs</strong></span> <span class='ocrx_word' id='word_1_292' title='bbox 127 4512 293 4579; x_wconf 85' lang='lat' dir='ltr'><strong>temporum</strong></span> <span class='ocrx_word' id='word_1_293' title='bbox 315 4502 508 4562; x_wconf 87' lang='lat' dir='ltr'><strong>inclementia</strong></span> <span class='ocrx_word' id='word_1_294' title='bbox 529 4510 676 4576; x_wconf 89' lang='lat' dir='ltr'><strong>retentus,</strong></span> <span class='ocrx_word' id='word_1_295' title='bbox 708 4521 801 4578; x_wconf 89' lang='lat' dir='ltr'><strong>nuper</strong></span> <span class='ocrx_word' id='word_1_296' title='bbox 823 4502 893 4561; x_wconf 91' lang='lat' dir='ltr'><strong>licet</strong></span> <span class='ocrx_word' id='word_1_297' title='bbox 922 4502 1017 4560; x_wconf 85' lang='lat' dir='ltr'><strong>ventis</strong></span> <span class='ocrx_word' id='word_1_298' title='bbox 1044 4509 1074 4560; x_wconf 90' lang='lat' dir='ltr'><strong>et</strong></span> <span class='ocrx_word' id='word_1_299' title='bbox 1099 4502 1209 4578; x_wconf 87' lang='lat' dir='ltr'><strong>pluviis</strong></span> <span class='ocrx_word' id='word_1_300' title='bbox 1236 4502 1388 4561; x_wconf 88' lang='lat' dir='ltr'><strong>etiamtum</strong></span> 
     </span>
     <span class='ocr_line' id='line_1_32' title="bbox 53 4604 1390 4680; baseline 0.003 -22"><span class='ocrx_word' id='word_1_301' title='bbox 53 4604 211 4662; x_wconf 89' lang='lat' dir='ltr'><strong>contrariis</strong></span> <span class='ocrx_word' id='word_1_302' title='bbox 234 4605 342 4664; x_wconf 90' lang='lat' dir='ltr'><strong>comite</strong></span> <span class='ocrx_word' id='word_1_303' title='bbox 365 4613 394 4662; x_wconf 89' lang='lat' dir='ltr'><strong>et</strong></span> <span class='ocrx_word' id='word_1_304' title='bbox 415 4605 550 4663; x_wconf 87' lang='lat' dir='ltr'><strong>adiutore</strong></span> <span class='ocrx_word' id='word_1_305' title='bbox 562 4604 683 4664; x_wconf 88' lang='lat' dir='ltr'><strong>Victore</strong></span> <span class='ocrx_word' id='word_1_306' title='bbox 705 4605 831 4664; x_wconf 89' lang='lat' dir='ltr'><strong>Rcboud</strong></span> <span class='ocrx_word' id='word_1_307' title='bbox 853 4604 932 4680; x_wconf 93' lang='lat' dir='ltr'><strong>quod</strong></span> <span class='ocrx_word' id='word_1_308' title='bbox 955 4605 1093 4680; x_wconf 90' lang='lat' dir='ltr'><strong>promisit</strong></span> <span class='ocrx_word' id='word_1_309' title='bbox 1114 4605 1390 4664; x_wconf 87' lang='lat' dir='ltr'><strong>summaindustria</strong></span> 
     </span>
     <span class='ocr_line' id='line_1_33' title="bbox 53 4704 1388 4783; baseline 0.004 -24"><span class='ocrx_word' id='word_1_310' title='bbox 53 4717 80 4762; x_wconf 85' lang='lat' dir='ltr'><strong>ct</strong></span> <span class='ocrx_word' id='word_1_311' title='bbox 103 4704 239 4764; x_wconf 89' lang='lat' dir='ltr'><strong>sollertia</strong></span> <span class='ocrx_word' id='word_1_312' title='bbox 260 4707 392 4783; x_wconf 82' lang='lat' dir='ltr'><strong>perfecit.</strong></span> <span class='ocrx_word' id='word_1_313' title='bbox 436 4705 572 4783; x_wconf 79' lang='lat' dir='ltr'><strong>Ectypis,</strong></span> <span class='ocrx_word' id='word_1_314' title='bbox 597 4725 672 4783; x_wconf 87' lang='lat' dir='ltr'><strong>quae</strong></span> <span class='ocrx_word' id='word_1_315' title='bbox 694 4707 752 4764; x_wconf 87' lang='lat' dir='ltr'><strong>tria</strong></span> <span class='ocrx_word' id='word_1_316' title='bbox 776 4706 914 4764; x_wconf 91' lang='lat' dir='ltr'><strong>Poullius</strong></span> <span class='ocrx_word' id='word_1_317' title='bbox 941 4706 1029 4779; x_wconf 86' lang='lat' dir='ltr'><strong>misit,</strong></span> <span class='ocrx_word' id='word_1_318' title='bbox 1056 4706 1183 4781; x_wconf 87' lang='lat' dir='ltr'><strong>adiutus,</strong></span> <span class='ocrx_word' id='word_1_319' title='bbox 1209 4723 1388 4782; x_wconf 89' lang='lat' dir='ltr'><strong>quamquam</strong></span> 
     </span>
     <span class='ocr_line' id='line_1_34' title="bbox 53 4807 1387 4884; baseline 0.004 -22"><span class='ocrx_word' id='word_1_320' title='bbox 53 4807 96 4863; x_wconf 83' lang='lat' dir='ltr'><strong>sic</strong></span> <span class='ocrx_word' id='word_1_321' title='bbox 119 4825 241 4884; x_wconf 91' lang='lat' dir='ltr'><strong>quoque</strong></span> <span class='ocrx_word' id='word_1_322' title='bbox 263 4809 362 4867; x_wconf 89' lang='lat' dir='ltr'><strong>hiatus</strong></span> <span class='ocrx_word' id='word_1_323' title='bbox 389 4809 504 4883; x_wconf 87' lang='lat' dir='ltr'><strong>aliquot</strong></span> <span class='ocrx_word' id='word_1_324' title='bbox 530 4808 689 4867; x_wconf 89' lang='lat' dir='ltr'><strong>admodum</strong></span> <span class='ocrx_word' id='word_1_325' title='bbox 715 4808 894 4868; x_wconf 91' lang='lat' dir='ltr'><strong>incommodi</strong></span> <span class='ocrx_word' id='word_1_326' title='bbox 915 4817 1123 4866; x_wconf 87' lang='lat' dir='ltr'><strong>remanserunt</strong></span> <span class='ocrx_word' id='word_1_327' title='bbox 1149 4816 1179 4866; x_wconf 91' lang='lat' dir='ltr'><strong>et</strong></span> <span class='ocrx_word' id='word_1_328' title='bbox 1204 4808 1387 4867; x_wconf 87' lang='lat' dir='ltr'><strong>infuturum</strong></span> 
     </span>
     <span class='ocr_line' id='line_1_35' title="bbox 53 4909 1388 4988; baseline 0.004 -25"><span class='ocrx_word' id='word_1_329' title='bbox 53 4927 174 4986; x_wconf 87' lang='lat' dir='ltr'><strong>qnoque</strong></span> <span class='ocrx_word' id='word_1_330' title='bbox 196 4911 393 4969; x_wconf 87' lang='lat' dir='ltr'><strong>remanebunt</strong></span> <span class='ocrx_word' id='word_1_331' title='bbox 415 4909 602 4988; x_wconf 89' lang='lat' dir='ltr'><strong>(superficies</strong></span> <span class='ocrx_word' id='word_1_332' title='bbox 624 4911 702 4969; x_wconf 89' lang='lat' dir='ltr'><strong>enim</strong></span> <span class='ocrx_word' id='word_1_333' title='bbox 724 4910 833 4987; x_wconf 90' lang='lat' dir='ltr'><strong>lapidis</strong></span> <span class='ocrx_word' id='word_1_334' title='bbox 856 4910 897 4968; x_wconf 90' lang='lat' dir='ltr'><strong>ibi</strong></span> <span class='ocrx_word' id='word_1_335' title='bbox 919 4917 982 4968; x_wconf 90' lang='lat' dir='ltr'><strong>tota</strong></span> <span class='ocrx_word' id='word_1_336' title='bbox 1007 4909 1139 4984; x_wconf 88' lang='lat' dir='ltr'><strong>decidit),</strong></span> <span class='ocrx_word' id='word_1_337' title='bbox 1162 4910 1192 4969; x_wconf 93' lang='lat' dir='ltr'><strong>in</strong></span> <span class='ocrx_word' id='word_1_338' title='bbox 1215 4909 1388 4968; x_wconf 90' lang='lat' dir='ltr'><strong>uuiversum</strong></span> 
     </span>
     <span class='ocr_line' id='line_1_36' title="bbox 52 5009 1388 5091; baseline 0.003 -24"><span class='ocrx_word' id='word_1_339' title='bbox 52 5009 208 5071; x_wconf 83' lang='lat' dir='ltr'><strong>lectionem</strong></span> <span class='ocrx_word' id='word_1_340' title='bbox 232 5022 265 5071; x_wconf 93' lang='lat' dir='ltr'><strong>ut</strong></span> <span class='ocrx_word' id='word_1_341' title='bbox 287 5013 460 5091; x_wconf 86' lang='lat' dir='ltr'><strong>expedirem</strong></span> <span class='ocrx_word' id='word_1_342' title='bbox 482 5013 554 5071; x_wconf 91' lang='lat' dir='ltr'><strong>mihi</strong></span> <span class='ocrx_word' id='word_1_343' title='bbox 577 5013 730 5072; x_wconf 89' lang='lat' dir='ltr'><strong>suecessit.</strong></span> <span class='ocrx_word' id='word_1_344' title='bbox 769 5009 857 5071; x_wconf 83' lang='lat' dir='ltr'><strong>Grati</strong></span> <span class='ocrx_word' id='word_1_345' title='bbox 880 5011 971 5070; x_wconf 86' lang='lat' dir='ltr'><strong>animi</strong></span> <span class='ocrx_word' id='word_1_346' title='bbox 989 5029 1110 5071; x_wconf 88' lang='lat' dir='ltr'><strong>sensum</strong></span> <span class='ocrx_word' id='word_1_347' title='bbox 1124 5012 1167 5070; x_wconf 88' lang='lat' dir='ltr'><strong>ita</strong></span> <span class='ocrx_word' id='word_1_348' title='bbox 1181 5013 1333 5089; x_wconf 83' lang='lat' dir='ltr'><strong>profiteor,</strong></span> <span class='ocrx_word' id='word_1_349' title='bbox 1356 5024 1388 5071; x_wconf 85' lang='lat' dir='ltr'><strong>ut</strong></span> 
     </span>
     <span class='ocr_line' id='line_1_37' title="bbox 52 5112 1386 5192; baseline 0.002 -23"><span class='ocrx_word' id='word_1_350' title='bbox 52 5112 174 5172; x_wconf 90' lang='lat' dir='ltr'><strong>Poullio</strong></span> <span class='ocrx_word' id='word_1_351' title='bbox 196 5113 414 5190; x_wconf 89' lang='lat' dir='ltr'><strong>Rebondioque</strong></span> <span class='ocrx_word' id='word_1_352' title='bbox 436 5115 498 5174; x_wconf 88' lang='lat' dir='ltr'><strong>scio</strong></span> <span class='ocrx_word' id='word_1_353' title='bbox 520 5119 650 5174; x_wconf 86' lang='lat' dir='ltr'><strong>maxime</strong></span> <span class='ocrx_word' id='word_1_354' title='bbox 668 5115 845 5192; x_wconf 91' lang='lat' dir='ltr'><strong>placiturum</strong></span> <span class='ocrx_word' id='word_1_355' title='bbox 861 5131 937 5174; x_wconf 87' lang='lat' dir='ltr'><strong>esse:</strong></span> <span class='ocrx_word' id='word_1_356' title='bbox 954 5114 1069 5174; x_wconf 89' lang='lat' dir='ltr'><strong>scilicet</strong></span> <span class='ocrx_word' id='word_1_357' title='bbox 1083 5113 1139 5173; x_wconf 89' lang='lat' dir='ltr'><strong>edo</strong></span> <span class='ocrx_word' id='word_1_358' title='bbox 1154 5133 1243 5191; x_wconf 89' lang='lat' dir='ltr'><strong>quam</strong></span> <span class='ocrx_word' id='word_1_359' title='bbox 1259 5113 1386 5190; x_wconf 86' lang='lat' dir='ltr'><strong>primurn</strong></span> 
     </span>
     <span class='ocr_line' id='line_1_38' title="bbox 53 5213 1072 5297; baseline 0.006 -27"><span class='ocrx_word' id='word_1_360' title='bbox 53 5213 114 5274; x_wconf 83' lang='lat' dir='ltr'><strong>fieri</strong></span> <span class='ocrx_word' id='word_1_361' title='bbox 139 5217 237 5293; x_wconf 90' lang='lat' dir='ltr'><strong>potnit</strong></span> <span class='ocrx_word' id='word_1_362' title='bbox 258 5227 480 5276; x_wconf 88' lang='lat' dir='ltr'><strong>monumentum</strong></span> <span class='ocrx_word' id='word_1_363' title='bbox 504 5217 688 5297; x_wconf 81' lang='lat' dir='ltr'><strong>recognitum</strong></span> <span class='ocrx_word' id='word_1_364' title='bbox 713 5215 827 5277; x_wconf 86' lang='lat' dir='ltr'><strong>adiecto</strong></span> <span class='ocrx_word' id='word_1_365' title='bbox 850 5216 1072 5276; x_wconf 89' lang='lat' dir='ltr'><strong>commentario.</strong></span> 
     </span>
    </p>
   </div>
   <div class='ocr_carea' id='block_1_6' title="bbox 0 0 1766 5932">
    <p class='ocr_par' dir='ltr' id='par_1_6' title="bbox 0 0 1766 5932">
     <span class='ocr_line' id='line_1_39' title="bbox 0 0 1766 5932; baseline 0 7"><span class='ocrx_word' id='word_1_366' title='bbox 0 0 1766 5932; x_wconf 95' lang='lat' dir='ltr'><strong> </strong></span> 
     </span>
    </p>
   </div>
  </div>
 </body>
</html>
