3612 6716
373 439 444 511 656
702 461 947 512 Parvruusrvar
974 461 1136 511 utrumvis
1163 460 1373 511 arenarum.

379 562 645 572 —-—-—-———-

371 643 432 692 tere
455 633 579 707 videtur,
603 653 661 692 non
685 638 741 693 erit
764 638 815 711 qui
840 636 963 712 cogitet)
988 644 1016 693 et
1038 635 1196 694 coufirmat
1215 634 1380 694 laterculus
1401 636 1567 693 celatorum
1589 637 1687 711 pontiti-

372 757 437 795 cum
461 747 490 793 et
513 737 664 795 flaminum
688 743 757 794 anui
784 738 840 796 102
865 737 1212 813 (c.v1‚2184.2185).
1245 736 1325 797 Nam
1348 755 1413 795 cum
1436 744 1555 796 constet
1570 736 1688 795 Priscum

373 858 408 896 eo
432 849 564 914 tempore
593 849 622 896 et
644 839 758 898 vixisse
785 851 814 898 et
840 841 933 900 fuisse
960 842 1146 918 pontificem,
1176 840 1325 898 celatores
1349 847 1446 898 autem
1470 841 1562 898 lectos
1584 858 1644 897 esse
1663 861 1692 897 er

374 941 563 1000 sacerdotum
591 942 722 1012 libertis,
756 944 808 1017 qui
835 943 866 1002 in
892 944 1037 1001 laterculo
1065 943 1118 1001 illo
1145 952 1315 1002 recensetur
1342 943 1379 1000 L.
1402 942 1558 1000 Iauolenus
1585 942 1694 999 Panto

373 1063 494 1102 necesse
522 1053 568 1102 est
590 1045 792 1102 manumissus
816 1047 855 1102 sit
878 1065 895 1102 a
917 1047 990 1103 iuris
1014 1055 1135 1104 auctore
1158 1046 1262 1104 Prisco
1290 1057 1318 1103 et
1343 1064 1527 1122 praenomen
1550 1045 1695 1102 adomim

375 1147 509 1204 traxerit.
553 1147 651 1203 Etiam
679 1147 708 1203 in
733 1148 827 1205 titulis
850 1148 1058 1206 Iavolenorum
1083 1148 1221 1217 urbanis,
1252 1147 1302 1224 qui
1328 1147 1486 1223 compositi
1516 1156 1585 1205 suut
1606 1145 1694 1216 C.l'l‚

377 1248 637 1320 19663-19668,
667 1268 846 1323 praenomen
868 1249 955 1308 Lucii
978 1258 1092 1326 quater,
1116 1249 1197 1307 aliud
1222 1258 1320 1308 autem
1343 1249 1460 1308 nullum
1481 1250 1638 1325 reperitur3
1662 1251 1695 1306 ri·

374 1352 538 1425 denturque
562 1350 698 1408 homiues
722 1352 764 1408 illi
788 1369 891 1410 omues
915 1353 1064 1427 pertinere
1087 1352 1125 1410 ad
1142 1352 1241 1410 Prisci
1257 1352 1352 1409 nostri
1375 1351 1521 1409 familiam
1538 1352 1614 1409 unici
1629 1351 1696 1408 inea
1759 1385 1760 1398 ι

373 1461 461 1530 gente
484 1454 636 1528 conspicui
653 1453 718 1510 viri.
753 1456 795 1511 At
818 1455 847 1512 in
869 1455 936 1512 basi
954 1453 1119 1513 Nadinensi
1143 1473 1209 1511 eum
1227 1451 1337 1512 Gaium
1361 1453 1506 1530 appellari
1526 1455 1579 1511 vix
1599 1453 1696 1510 ridetur

374 1573 462 1631 posse
486 1555 515 1612 in
539 1554 660 1612 dubium
679 1557 793 1626 roeari3
816 1557 915 1615 minus
937 1557 1067 1616 fortasse
1087 1555 1218 1614 offendet
1239 1556 1418 1627 coniectura,
1442 1572 1515 1612 sane
1537 1555 1656 1613 molesta
1674 1567 1696 1611 et

373 1659 450 1734 ipsa,
474 1657 532 1715 duo
549 1658 743 1732 praenomina
758 1658 895 1716 Priscum
912 1659 1053 1716 habuisse
1070 1677 1231 1734 eorumque
1246 1659 1371 1716 alterum
1390 1658 1421 1716 in
1436 1657 1502 1715 basi
1524 1657 1577 1715 illa
1597 1673 1696 1732 praete-
1762 1717 1763 1724 χ

374 1761 463 1817 ritum
484 1778 560 1817 esse.
599 1758 785 1816 Honoratum
803 1759 915 1818 Nadini
931 1762 1089 1836 quominus
1106 1769 1273 1818 statuamus
1287 1760 1408 1817 differre
1431 1761 1469 1816 ab
1485 1769 1604 1817 auctore
1625 1760 1696 1826 iuri-7.

375 1863 496 1919 obstant
519 1871 580 1919 tres
604 1862 795 1936 magistratus
820 1861 999 1920 Germaniae
1023 1861 1129 1939 Syriae
1152 1863 1283 1934 Africae,
1311 1879 1389 1936 quos
1412 1873 1442 1919 et
1463 1861 1537 1919 iuris
1560 1871 1693 1918 auctorem

377 1965 511 2039 gessisse
534 1965 670 2022 novimus
697 1972 726 2020 et
749 1964 831 2022 basis
854 1965 996 2022 enuntiat.

419 2066 582 2124 Praeterea
604 2085 671 2124 cum
698 2065 756 2124 iam
781 2077 898 2124 constet
919 2067 1057 2124 Priscum
1084 2067 1200 2125 iuridici
1228 2067 1329 2125 olficio
1355 2067 1488 2124 sunctum
1514 2081 1582 2124 esse
1608 2065 1695 2141 primis
1765 2051 1766 2064 ¹

377 2169 464 2226 annis
479 2168 550 2245 imp.
564 2168 742 2239 Domitiani,
765 2168 966 2242 confirmatur,
989 2169 1070 2245 quod
1086 2168 1158 2228 alibi
1174 2170 1292 2229 delendi
1316 2169 1419 2244 (huius
1434 2168 1510 2243 Eph.
1524 2166 1569 2225 IV
1584 2187 1610 2244 p.
1625 2166 1658 2223 lt
1677 2167 1695 2240 )‚
1766 2163 1767 2170 '

377 2271 518 2330 iuridicos
542 2272 697 2330 institutos
721 2288 869 2330 essenon
892 2274 929 2330 ab
952 2271 1117 2343 Hadriano,
1141 2272 1194 2330 sed
1217 2273 1255 2330 ab
1277 2272 1344 2348 ipso
1366 2272 1518 2349 Augusto.

421 2373 468 2432 De
491 2375 663 2432 consulibus
686 2374 838 2432 sufficiunt
859 2393 936 2450 quae
953 2374 1102 2452 disputavi
1125 2393 1217 2451 supra
1239 2394 1266 2448 p.
1285 2374 1343 2432 616
1367 2373 1477 2431 latente
1496 2371 1642 2430 etiamtum
1663 2381 1695 2428 ta·

377 2477 458 2535 bella
480 2478 592 2552 priore3
619 2477 676 2535 lroc
699 2477 797 2535 solum
822 2476 986 2535 addendum
1010 2487 1057 2536 est
1079 2478 1148 2535 anni
1171 2476 1211 2535 90
1233 2477 1375 2534 suffectos
1397 2475 1473 2533 alios
1497 2474 1593 2533 adhuc
1614 2474 1695 2532 nullos

379 2579 555 2638 innotuisse.

421 2680 521 2739 Locus
545 2681 625 2738 fixae
647 2681 722 2759 legis
744 2682 770 2740 is
787 2690 842 2753 est,
865 2701 952 2758 quem
968 2682 1065 2740 adhuc
1081 2700 1223 2740 noramus
1237 2681 1376 2756 usurpari
1393 2687 1531 2757 coeptum
1550 2698 1614 2738 esse
1633 2681 1696 2736 iuter

379 2803 405 2841 a.
423 2783 460 2842 86
484 2793 513 2841 et
536 2783 573 2840 93
598 2792 627 2840 et
649 2784 790 2858 deinceps
813 2786 970 2843 mansisse.
1014 2785 1077 2842 lam
1100 2785 1156 2842 hac
1177 2784 1243 2860 lege
1271 2784 1391 2860 prolata
1410 2781 1558 2842 restrictis
1580 2783 1697 2840 terminis

378 2885 439 2943 illis
462 2886 648 2961 intellegitur
670 2904 735 2943 eam
758 2886 1002 2945 consuetudinem
1025 2887 1122 2963 legum
1145 2886 1322 2945 decivitate
1343 2884 1529 2961 figendarum
1552 2884 1588 2943 ad
1603 2884 1697 2942 Miner-

380 3007 447 3045 vam
469 2988 606 3066 coepisse
627 2989 704 3046 inter
726 3009 753 3048 a.
770 2989 809 3047 86
832 2999 861 3047 et
884 2988 932 3047 90.

1374 3143 1434 3203 Tu.
1457 3143 1626 3202 Mouusra.
