<?xml version="1.0" encoding="UTF-8"?>
<!DOCTYPE html PUBLIC "-//W3C//DTD XHTML 1.0 Transitional//EN"
    "http://www.w3.org/TR/xhtml1/DTD/xhtml1-transitional.dtd">
<html xmlns="http://www.w3.org/1999/xhtml" xml:lang="en" lang="en">
 <head>
  <title>
</title>
<meta http-equiv="Content-Type" content="text/html;charset=utf-8" />
  <meta name='ocr-system' content='tesseract 3.04.00' />
  <meta name='ocr-capabilities' content='ocr_page ocr_carea ocr_par ocr_line ocrx_word'/>
</head>
<body>
  <div class='ocr_page' id='page_1' title='image "./ephemerisepigra16instgoog_0634.png"; bbox 0 0 3524 5932; ppageno 0'>
   <div class='ocr_carea' id='block_1_1' title="bbox 520 556 904 608">
    <p class='ocr_par' dir='ltr' id='par_1_1' title="bbox 520 556 904 608">
     <span class='ocr_line' id='line_1_1' title="bbox 520 556 904 608; baseline -0.005 0"><span class='ocrx_word' id='word_1_1' title='bbox 520 556 630 608; x_wconf 79' lang='lat' dir='ltr'>SYRIA</span> <span class='ocrx_word' id='word_1_2' title='bbox 656 556 904 608; x_wconf 77' lang='lat' dir='ltr'>PALAESTINA.</span> 
     </span>
    </p>
   </div>
   <div class='ocr_carea' id='block_1_2' title="bbox 408 947 1027 1029">
    <p class='ocr_par' dir='ltr' id='par_1_2' title="bbox 408 947 1027 1029">
     <span class='ocr_line' id='line_1_2' title="bbox 408 947 1027 1029; baseline 0.002 -19"><span class='ocrx_word' id='word_1_3' title='bbox 408 949 584 1014; x_wconf 84' lang='lat' dir='ltr'>EMMAVS</span> <span class='ocrx_word' id='word_1_4' title='bbox 606 949 835 1012; x_wconf 84' lang='lat' dir='ltr'>NIOOPOLIS</span> <span class='ocrx_word' id='word_1_5' title='bbox 859 947 1027 1029; x_wconf 75' lang='grc' dir='ltr'><strong><em>(Ἀοιοοάο).</em></strong></span> 
     </span>
    </p>
   </div>
   <div class='ocr_carea' id='block_1_3' title="bbox 57 1155 1389 1739">
    <p class='ocr_par' dir='ltr' id='par_1_3' title="bbox 57 1155 1389 1739">
     <span class='ocr_line' id='line_1_3' title="bbox 93 1155 1387 1233; baseline -0.001 -19"><span class='ocrx_word' id='word_1_6' title='bbox 93 1156 229 1214; x_wconf 89' lang='lat' dir='ltr'>Devictis</span> <span class='ocrx_word' id='word_1_7' title='bbox 252 1155 372 1215; x_wconf 85' lang='lat' dir='ltr'>Iudaeis</span> <span class='ocrx_word' id='word_1_8' title='bbox 395 1166 424 1215; x_wconf 92' lang='lat' dir='ltr'>et</span> <span class='ocrx_word' id='word_1_9' title='bbox 446 1156 553 1216; x_wconf 86' lang='lat' dir='ltr'>deletis</span> <span class='ocrx_word' id='word_1_10' title='bbox 572 1156 793 1233; x_wconf 80' lang='lat' dir='ltr'>Hierosolymis</span> <span class='ocrx_word' id='word_1_11' title='bbox 808 1156 1014 1233; x_wconf 76' lang='lat' dir='ltr'>Vespasianus</span> <span class='ocrx_word' id='word_1_12' title='bbox 1037 1155 1187 1214; x_wconf 85' lang='lat' dir='ltr'>civitatem</span> <span class='ocrx_word' id='word_1_13' title='bbox 1210 1156 1251 1214; x_wconf 92' lang='lat' dir='ltr'>ibi</span> <span class='ocrx_word' id='word_1_14' title='bbox 1273 1156 1387 1214; x_wconf 84' lang='lat' dir='ltr'>nullam</span> 
     </span>
     <span class='ocr_line' id='line_1_4' title="bbox 58 1249 1387 1334; baseline -0.002 -18"><span class='ocrx_word' id='word_1_15' title='bbox 58 1257 182 1316; x_wconf 83' lang='lat' dir='ltr'><strong>condidit</strong></span> <span class='ocrx_word' id='word_1_16' title='bbox 205 1253 253 1333; x_wconf 79' lang='grc' dir='ltr'>(οὐ</span> <span class='ocrx_word' id='word_1_17' title='bbox 275 1251 431 1333; x_wconf 67' lang='grc' dir='ltr'><strong><em>κατῴκισεν</em></strong></span> <span class='ocrx_word' id='word_1_18' title='bbox 453 1254 512 1316; x_wconf 79' lang='grc' dir='ltr'>ἐκεῖ</span> <span class='ocrx_word' id='word_1_19' title='bbox 528 1249 640 1334; x_wconf 73' lang='grc' dir='ltr'>πόλιν),</span> <span class='ocrx_word' id='word_1_20' title='bbox 666 1258 720 1316; x_wconf 85' lang='lat' dir='ltr'>scd</span> <span class='ocrx_word' id='word_1_21' title='bbox 740 1258 947 1316; x_wconf 87' lang='lat' dir='ltr'>tantummodo</span> <span class='ocrx_word' id='word_1_22' title='bbox 970 1259 1001 1316; x_wconf 91' lang='lat' dir='ltr'>in</span> <span class='ocrx_word' id='word_1_23' title='bbox 1023 1258 1092 1316; x_wconf 89' lang='lat' dir='ltr'>loco</span> <span class='ocrx_word' id='word_1_24' title='bbox 1114 1259 1165 1333; x_wconf 89' lang='lat' dir='ltr'>qui</span> <span class='ocrx_word' id='word_1_25' title='bbox 1187 1258 1293 1316; x_wconf 90' lang='lat' dir='ltr'>dicitur</span> <span class='ocrx_word' id='word_1_26' title='bbox 1315 1258 1387 1315; x_wconf 85' lang='lat' dir='ltr'>Am·</span> 
     </span>
     <span class='ocr_line' id='line_1_5' title="bbox 57 1357 1389 1436; baseline -0.001 -19"><span class='ocrx_word' id='word_1_27' title='bbox 57 1377 134 1417; x_wconf 90' lang='lat' dir='ltr'>maus</span> <span class='ocrx_word' id='word_1_28' title='bbox 158 1357 217 1418; x_wconf 87' lang='lat' dir='ltr'>LX</span> <span class='ocrx_word' id='word_1_29' title='bbox 244 1360 282 1418; x_wconf 87' lang='lat' dir='ltr'>ab</span> <span class='ocrx_word' id='word_1_30' title='bbox 309 1357 535 1436; x_wconf 82' lang='lat' dir='ltr'>Hierosolymis</span> <span class='ocrx_word' id='word_1_31' title='bbox 564 1359 669 1418; x_wconf 89' lang='lat' dir='ltr'>stadiis</span> <span class='ocrx_word' id='word_1_32' title='bbox 699 1360 809 1419; x_wconf 86' lang='lat' dir='ltr'>milites</span> <span class='ocrx_word' id='word_1_33' title='bbox 837 1359 980 1419; x_wconf 87' lang='lat' dir='ltr'>dimissos</span> <span class='ocrx_word' id='word_1_34' title='bbox 1009 1361 1198 1436; x_wconf 84' lang='lat' dir='ltr'>octingentos</span> <span class='ocrx_word' id='word_1_35' title='bbox 1230 1358 1389 1418; x_wconf 83' lang='lat' dir='ltr'>collocavit</span> 
     </span>
     <span class='ocr_line' id='line_1_6' title="bbox 58 1451 1389 1542; baseline 0.002 -26"><span class='ocrx_word' id='word_1_36' title='bbox 58 1451 172 1542; x_wconf 71' lang='grc' dir='ltr'>(χωριόν</span> <span class='ocrx_word' id='word_1_37' title='bbox 200 1453 304 1517; x_wconf 79' lang='grc' dir='ltr'>ε’δωκον</span> <span class='ocrx_word' id='word_1_38' title='bbox 332 1460 372 1522; x_wconf 73' lang='grc' dir='ltr'>οἷς</span> <span class='ocrx_word' id='word_1_39' title='bbox 399 1454 585 1534; x_wconf 63' lang='grc' dir='ltr'><strong><em>κατοίκησιν).</em></strong></span> <span class='ocrx_word' id='word_1_40' title='bbox 636 1461 721 1520; x_wconf 78' lang='lat' dir='ltr'>Haec</span> <span class='ocrx_word' id='word_1_41' title='bbox 749 1461 898 1539; x_wconf 78' lang='lat' dir='ltr'>Iosephus</span> <span class='ocrx_word' id='word_1_42' title='bbox 927 1472 988 1520; x_wconf 77' lang='lat' dir='ltr'>ont.</span> <span class='ocrx_word' id='word_1_43' title='bbox 1009 1463 1037 1533; x_wconf 86' lang='grc'>7,</span> <span class='ocrx_word' id='word_1_44' title='bbox 1060 1462 1088 1532; x_wconf 84' lang='grc'>6,</span> <span class='ocrx_word' id='word_1_45' title='bbox 1109 1461 1136 1519; x_wconf 90' lang='grc'>6.</span> <span class='ocrx_word' id='word_1_46' title='bbox 1186 1461 1262 1518; x_wconf 84' lang='lat' dir='ltr'>Rem</span> <span class='ocrx_word' id='word_1_47' title='bbox 1292 1460 1389 1536; x_wconf 92' lang='lat' dir='ltr'>publi·</span> 
     </span>
     <span class='ocr_line' id='line_1_7' title="bbox 58 1561 1387 1640; baseline 0.001 -21"><span class='ocrx_word' id='word_1_48' title='bbox 58 1581 114 1619; x_wconf 86' lang='lat' dir='ltr'>cam</span> <span class='ocrx_word' id='word_1_49' title='bbox 137 1563 222 1620; x_wconf 88' lang='lat' dir='ltr'>vicus</span> <span class='ocrx_word' id='word_1_50' title='bbox 245 1563 270 1620; x_wconf 89' lang='lat' dir='ltr'>is</span> <span class='ocrx_word' id='word_1_51' title='bbox 293 1564 408 1640; x_wconf 87' lang='lat' dir='ltr'>accepit</span> <span class='ocrx_word' id='word_1_52' title='bbox 429 1564 486 1622; x_wconf 93' lang='lat' dir='ltr'>sub</span> <span class='ocrx_word' id='word_1_53' title='bbox 506 1563 682 1622; x_wconf 86' lang='lat' dir='ltr'>Alexandro</span> <span class='ocrx_word' id='word_1_54' title='bbox 705 1563 823 1620; x_wconf 92' lang='lat' dir='ltr'>demum</span> <span class='ocrx_word' id='word_1_55' title='bbox 846 1563 954 1621; x_wconf 85' lang='lat' dir='ltr'>dictam</span> <span class='ocrx_word' id='word_1_56' title='bbox 975 1561 1138 1638; x_wconf 86' lang='lat' dir='ltr'>Nicopolin</span> <span class='ocrx_word' id='word_1_57' title='bbox 1159 1563 1190 1619; x_wconf 91' lang='lat' dir='ltr'>in</span> <span class='ocrx_word' id='word_1_58' title='bbox 1213 1563 1387 1620; x_wconf 79' lang='lat' dir='ltr'>memoriam</span> 
     </span>
     <span class='ocr_line' id='line_1_8' title="bbox 58 1656 1388 1739; baseline 0 -19"><span class='ocrx_word' id='word_1_59' title='bbox 58 1665 159 1739; x_wconf 86' lang='lat' dir='ltr'>opinor</span> <span class='ocrx_word' id='word_1_60' title='bbox 186 1664 329 1722; x_wconf 83' lang='lat' dir='ltr'>uictoriae</span> <span class='ocrx_word' id='word_1_61' title='bbox 352 1664 414 1723; x_wconf 92' lang='lat' dir='ltr'>Titi</span> <span class='ocrx_word' id='word_1_62' title='bbox 443 1665 479 1723; x_wconf 84' lang='lat' dir='ltr'>de</span> <span class='ocrx_word' id='word_1_63' title='bbox 506 1663 636 1724; x_wconf 83' lang='lat' dir='ltr'>ludaeis.</span> <span class='ocrx_word' id='word_1_64' title='bbox 686 1656 877 1733; x_wconf 69' lang='grc' dir='ltr'><em>Παλαιστίνης</em></span> <span class='ocrx_word' id='word_1_65' title='bbox 899 1659 1064 1730; x_wconf 71' lang='grc' dir='ltr'>Νικόπολις,</span> <span class='ocrx_word' id='word_1_66' title='bbox 1090 1661 1240 1723; x_wconf 88' lang='lat' dir='ltr'>Eusebius</span> <span class='ocrx_word' id='word_1_67' title='bbox 1269 1664 1310 1721; x_wconf 83' lang='lat' dir='ltr'>ait</span> <span class='ocrx_word' id='word_1_68' title='bbox 1336 1661 1388 1738; x_wconf 87' lang='lat' dir='ltr'>(ad</span> 
     </span>
    </p>
   </div>
   <div class='ocr_carea' id='block_1_4' title="bbox 59 1756 1502 1850">
    <p class='ocr_par' dir='ltr' id='par_1_4' title="bbox 59 1756 1502 1850">
     <span class='ocr_line' id='line_1_9' title="bbox 59 1756 1502 1850; baseline 0 -28"><span class='ocrx_word' id='word_1_69' title='bbox 59 1785 81 1822; x_wconf 86' lang='lat' dir='ltr'>a.</span> <span class='ocrx_word' id='word_1_70' title='bbox 96 1766 169 1823; x_wconf 84' lang='lat' dir='ltr'>Abr.</span> <span class='ocrx_word' id='word_1_71' title='bbox 194 1764 289 1841; x_wconf 75' lang='lat'>2237)</span> <span class='ocrx_word' id='word_1_72' title='bbox 312 1765 477 1841; x_wconf 84' lang='lat' dir='ltr'>compilans</span> <span class='ocrx_word' id='word_1_73' title='bbox 498 1765 689 1837; x_wconf 81' lang='lat' dir='ltr'>Africanum,</span> <span class='ocrx_word' id='word_1_74' title='bbox 719 1762 737 1836; x_wconf 77' lang='grc' dir='ltr'><em>ἦ</em></span> <span class='ocrx_word' id='word_1_75' title='bbox 758 1756 889 1850; x_wconf 75' lang='grc' dir='ltr'>πρέτερον</span> <span class='ocrx_word' id='word_1_76' title='bbox 909 1761 1053 1835; x_wconf 74' lang='grc' dir='ltr'><strong><em>Ἐμμαοῦς</em></strong></span> <span class='ocrx_word' id='word_1_77' title='bbox 1073 1756 1195 1834; x_wconf 66' lang='grc' dir='ltr'>ἐκτίσθη</span> <span class='ocrx_word' id='word_1_78' title='bbox 1221 1757 1303 1826; x_wconf 72' lang='grc' dir='ltr'><strong><em>πόλις</em></strong></span> <span class='ocrx_word' id='word_1_79' title='bbox 1324 1785 1387 1844; x_wconf 82' lang='grc' dir='ltr'>πρε·</span> <span class='ocrx_word' id='word_1_80' title='bbox 1497 1813 1502 1822; x_wconf 96' lang='grc'><em>.</em></span> 
     </span>
    </p>
   </div>
   <div class='ocr_carea' id='block_1_5' title="bbox 58 1855 1389 2638">
    <p class='ocr_par' dir='ltr' id='par_1_5' title="bbox 58 1855 1389 2638">
     <span class='ocr_line' id='line_1_10' title="bbox 60 1855 1389 1950; baseline 0 -28"><span class='ocrx_word' id='word_1_81' title='bbox 60 1858 210 1930; x_wconf 67' lang='grc' dir='ltr'><strong><em>οβεύοντος</em></strong></span> <span class='ocrx_word' id='word_1_82' title='bbox 230 1855 300 1949; x_wconf 72' lang='grc' dir='ltr'>ύπέρ</span> <span class='ocrx_word' id='word_1_83' title='bbox 323 1861 412 1937; x_wconf 80' lang='grc' dir='ltr'><strong><em>οιῦτῆς</em></strong></span> <span class='ocrx_word' id='word_1_84' title='bbox 432 1857 480 1924; x_wconf 62' lang='grc' dir='ltr'>καὶ</span> <span class='ocrx_word' id='word_1_85' title='bbox 494 1858 697 1950; x_wconf 76' lang='grc' dir='ltr'><strong><em>προιοτοιμένοο</em></strong></span> <span class='ocrx_word' id='word_1_86' title='bbox 716 1861 835 1924; x_wconf 67' lang='grc' dir='ltr'><strong><em>Ἰουλίου</em></strong></span> <span class='ocrx_word' id='word_1_87' title='bbox 855 1863 1032 1950; x_wconf 74' lang='grc' dir='ltr'>Ἀφρικοιοοῦ</span> <span class='ocrx_word' id='word_1_88' title='bbox 1050 1867 1102 1924; x_wconf 78' lang='grc' dir='ltr'>τοῦ</span> <span class='ocrx_word' id='word_1_89' title='bbox 1116 1861 1152 1923; x_wconf 68' lang='grc' dir='ltr'>τοὶ</span> <span class='ocrx_word' id='word_1_90' title='bbox 1168 1858 1291 1948; x_wconf 59' lang='grc' dir='ltr'>χρονικὰ</span> <span class='ocrx_word' id='word_1_91' title='bbox 1314 1888 1389 1942; x_wconf 74' lang='grc' dir='ltr'><strong>συγ-</strong></span> 
     </span>
     <span class='ocr_line' id='line_1_11' title="bbox 58 1955 1388 2050; baseline 0.001 -25"><span class='ocrx_word' id='word_1_92' title='bbox 58 1955 295 2050; x_wconf 62' lang='grc' dir='ltr'>γραψαμένουῑ).</span> <span class='ocrx_word' id='word_1_93' title='bbox 343 1968 385 2026; x_wconf 84' lang='lat' dir='ltr'>Et</span> <span class='ocrx_word' id='word_1_94' title='bbox 406 1969 523 2028; x_wconf 90' lang='lat' dir='ltr'>titulum</span> <span class='ocrx_word' id='word_1_95' title='bbox 546 1968 667 2046; x_wconf 89' lang='lat' dir='ltr'>quidem</span> <span class='ocrx_word' id='word_1_96' title='bbox 689 1989 717 2028; x_wconf 92' lang='lat' dir='ltr'>n.</span> <span class='ocrx_word' id='word_1_97' title='bbox 737 1969 815 2027; x_wconf 87' lang='grc'><strong>1445</strong></span> <span class='ocrx_word' id='word_1_98' title='bbox 839 1969 1003 2027; x_wconf 87' lang='lat' dir='ltr'>verisimile</span> <span class='ocrx_word' id='word_1_99' title='bbox 1027 1977 1073 2026; x_wconf 88' lang='lat' dir='ltr'>eet</span> <span class='ocrx_word' id='word_1_100' title='bbox 1094 1967 1266 2026; x_wconf 82' lang='lat' dir='ltr'>Alexandro</span> <span class='ocrx_word' id='word_1_101' title='bbox 1288 1976 1388 2044; x_wconf 89' lang='lat' dir='ltr'>poste·</span> 
     </span>
     <span class='ocr_line' id='line_1_12' title="bbox 59 2067 1389 2147; baseline 0.001 -20"><span class='ocrx_word' id='word_1_102' title='bbox 59 2071 161 2128; x_wconf 85' lang='lat' dir='ltr'>riorern</span> <span class='ocrx_word' id='word_1_103' title='bbox 182 2089 260 2130; x_wconf 87' lang='lat' dir='ltr'>esse.</span> <span class='ocrx_word' id='word_1_104' title='bbox 311 2067 426 2129; x_wconf 86' lang='lat' dir='ltr'>Contra</span> <span class='ocrx_word' id='word_1_105' title='bbox 452 2071 579 2130; x_wconf 82' lang='lat' dir='ltr'>alterum</span> <span class='ocrx_word' id='word_1_106' title='bbox 602 2091 630 2131; x_wconf 90' lang='lat' dir='ltr'>n.</span> <span class='ocrx_word' id='word_1_107' title='bbox 649 2071 728 2130; x_wconf 88' lang='grc'><strong>1446</strong></span> <span class='ocrx_word' id='word_1_108' title='bbox 756 2070 931 2130; x_wconf 84' lang='lat' dir='ltr'>crediderim</span> <span class='ocrx_word' id='word_1_109' title='bbox 957 2070 1105 2147; x_wconf 88' lang='lat' dir='ltr'>pertinere</span> <span class='ocrx_word' id='word_1_110' title='bbox 1131 2071 1170 2128; x_wconf 83' lang='lat' dir='ltr'>ad</span> <span class='ocrx_word' id='word_1_111' title='bbox 1196 2070 1325 2146; x_wconf 83' lang='lat' dir='ltr'>aliquem</span> <span class='ocrx_word' id='word_1_112' title='bbox 1352 2088 1389 2128; x_wconf 86' lang='lat' dir='ltr'>ex</span> 
     </span>
     <span class='ocr_line' id='line_1_13' title="bbox 60 2171 1389 2250; baseline -0.002 -20"><span class='ocrx_word' id='word_1_113' title='bbox 60 2172 232 2250; x_wconf 78' lang='lat' dir='ltr'>octingentis</span> <span class='ocrx_word' id='word_1_114' title='bbox 254 2172 314 2230; x_wconf 90' lang='lat' dir='ltr'>illis</span> <span class='ocrx_word' id='word_1_115' title='bbox 337 2171 618 2249; x_wconf 85' lang='lat' dir='ltr'>Hierosolymorum</span> <span class='ocrx_word' id='word_1_116' title='bbox 641 2173 912 2250; x_wconf 79' lang='lat' dir='ltr'>expugnatoribus,</span> <span class='ocrx_word' id='word_1_117' title='bbox 941 2191 1119 2248; x_wconf 81' lang='lat' dir='ltr'>quamquam</span> <span class='ocrx_word' id='word_1_118' title='bbox 1147 2173 1233 2230; x_wconf 89' lang='lat' dir='ltr'>miles</span> <span class='ocrx_word' id='word_1_119' title='bbox 1260 2173 1302 2244; x_wconf 93' lang='lat' dir='ltr'>is,</span> <span class='ocrx_word' id='word_1_120' title='bbox 1329 2191 1389 2229; x_wconf 94' lang='lat' dir='ltr'>non</span> 
     </span>
     <span class='ocr_line' id='line_1_14' title="bbox 59 2274 1388 2350; baseline 0.001 -22"><span class='ocrx_word' id='word_1_121' title='bbox 59 2283 212 2332; x_wconf 76' lang='lat' dir='ltr'>veteranus</span> <span class='ocrx_word' id='word_1_122' title='bbox 236 2274 422 2350; x_wconf 61' lang='lat' dir='ltr'>appellatum</span> <span class='ocrx_word' id='word_1_123' title='bbox 452 2294 521 2333; x_wconf 90' lang='lat' dir='ltr'>nam</span> <span class='ocrx_word' id='word_1_124' title='bbox 548 2275 694 2350; x_wconf 86' lang='lat' dir='ltr'>legionem</span> <span class='ocrx_word' id='word_1_125' title='bbox 712 2275 740 2330; x_wconf 93' lang='lat' dir='ltr'>V</span> <span class='ocrx_word' id='word_1_126' title='bbox 762 2275 985 2333; x_wconf 88' lang='lat' dir='ltr'>Macedonicam</span> <span class='ocrx_word' id='word_1_127' title='bbox 1012 2283 1115 2332; x_wconf 88' lang='lat' dir='ltr'>notum</span> <span class='ocrx_word' id='word_1_128' title='bbox 1142 2284 1188 2332; x_wconf 89' lang='lat' dir='ltr'>est</span> <span class='ocrx_word' id='word_1_129' title='bbox 1216 2280 1245 2331; x_wconf 89' lang='lat' dir='ltr'>et</span> <span class='ocrx_word' id='word_1_130' title='bbox 1274 2280 1388 2348; x_wconf 89' lang='lat' dir='ltr'>partem</span> 
     </span>
     <span class='ocr_line' id='line_1_15' title="bbox 59 2375 1389 2435; baseline 0 -3"><span class='ocrx_word' id='word_1_131' title='bbox 59 2375 145 2434; x_wconf 87' lang='lat' dir='ltr'>luisse</span> <span class='ocrx_word' id='word_1_132' title='bbox 172 2377 322 2434; x_wconf 84' lang='lat' dir='ltr'>exercitus</span> <span class='ocrx_word' id='word_1_133' title='bbox 349 2377 433 2434; x_wconf 90' lang='lat' dir='ltr'>illius</span> <span class='ocrx_word' id='word_1_134' title='bbox 462 2376 593 2435; x_wconf 87' lang='lat' dir='ltr'>ludaeici</span> <span class='ocrx_word' id='word_1_135' title='bbox 620 2385 650 2435; x_wconf 90' lang='lat' dir='ltr'>et</span> <span class='ocrx_word' id='word_1_136' title='bbox 675 2376 757 2435; x_wconf 90' lang='lat' dir='ltr'>bello</span> <span class='ocrx_word' id='word_1_137' title='bbox 787 2376 871 2435; x_wconf 86' lang='lat' dir='ltr'>linito</span> <span class='ocrx_word' id='word_1_138' title='bbox 897 2376 928 2432; x_wconf 92' lang='lat' dir='ltr'>in</span> <span class='ocrx_word' id='word_1_139' title='bbox 959 2375 1105 2434; x_wconf 85' lang='lat' dir='ltr'>Moesiam</span> <span class='ocrx_word' id='word_1_140' title='bbox 1134 2375 1291 2433; x_wconf 86' lang='lat' dir='ltr'>remissam</span> <span class='ocrx_word' id='word_1_141' title='bbox 1321 2392 1389 2432; x_wconf 89' lang='lat' dir='ltr'>esse</span> 
     </span>
     <span class='ocr_line' id='line_1_16' title="bbox 60 2476 1388 2555; baseline 0.001 -22"><span class='ocrx_word' id='word_1_142' title='bbox 60 2477 217 2554; x_wconf 91' lang='lat' dir='ltr'>(Iosephus</span> <span class='ocrx_word' id='word_1_143' title='bbox 246 2478 317 2536; x_wconf 89' lang='lat' dir='ltr'>bell.</span> <span class='ocrx_word' id='word_1_144' title='bbox 340 2477 368 2548; x_wconf 87' lang='grc'>7,</span> <span class='ocrx_word' id='word_1_145' title='bbox 391 2478 425 2549; x_wconf 82' lang='grc'>5,</span> <span class='ocrx_word' id='word_1_146' title='bbox 448 2477 508 2554; x_wconf 90' lang='grc'><strong>13).</strong></span> <span class='ocrx_word' id='word_1_147' title='bbox 559 2477 635 2538; x_wconf 89' lang='lat' dir='ltr'>Vide</span> <span class='ocrx_word' id='word_1_148' title='bbox 662 2478 751 2555; x_wconf 86' lang='lat' dir='ltr'>igitur</span> <span class='ocrx_word' id='word_1_149' title='bbox 779 2497 815 2536; x_wconf 86' lang='lat' dir='ltr'>ue</span> <span class='ocrx_word' id='word_1_150' title='bbox 844 2477 998 2536; x_wconf 81' lang='lat' dir='ltr'>vexillatio</span> <span class='ocrx_word' id='word_1_151' title='bbox 1025 2479 1090 2536; x_wconf 89' lang='lat' dir='ltr'>eius</span> <span class='ocrx_word' id='word_1_152' title='bbox 1117 2478 1294 2536; x_wconf 88' lang='lat' dir='ltr'>remanserit</span> <span class='ocrx_word' id='word_1_153' title='bbox 1318 2476 1388 2534; x_wconf 87' lang='lat' dir='ltr'>Em·</span> 
     </span>
     <span class='ocr_line' id='line_1_17' title="bbox 61 2587 183 2638; baseline 0 -2"><span class='ocrx_word' id='word_1_154' title='bbox 61 2587 183 2638; x_wconf 83' lang='lat' dir='ltr'>mounts.</span> 
     </span>
    </p>
   </div>
   <div class='ocr_carea' id='block_1_6' title="bbox 61 2879 995 2962">
    <p class='ocr_par' dir='ltr' id='par_1_6' title="bbox 61 2879 995 2962">
     <span class='ocr_line' id='line_1_18' title="bbox 61 2879 995 2962; baseline 0.002 -22"><span class='ocrx_word' id='word_1_155' title='bbox 61 2881 143 2942; x_wconf 86' lang='grc'><strong>1445</strong></span> <span class='ocrx_word' id='word_1_156' title='bbox 170 2879 303 2944; x_wconf 67' lang='lat' dir='ltr'>‘Amnis</span> <span class='ocrx_word' id='word_1_157' title='bbox 325 2883 356 2941; x_wconf 95' lang='lat' dir='ltr'>in</span> <span class='ocrx_word' id='word_1_158' title='bbox 378 2883 444 2940; x_wconf 89' lang='lat' dir='ltr'>basi</span> <span class='ocrx_word' id='word_1_159' title='bbox 467 2883 614 2960; x_wconf 85' lang='lat' dir='ltr'>quadrata</span> <span class='ocrx_word' id='word_1_160' title='bbox 635 2901 753 2962; x_wconf 86' lang='lat' dir='ltr'>magua,</span> <span class='ocrx_word' id='word_1_161' title='bbox 775 2885 834 2942; x_wconf 91' lang='lat' dir='ltr'>ism</span> <span class='ocrx_word' id='word_1_162' title='bbox 857 2883 995 2943; x_wconf 80' lang='lat' dir='ltr'>Parisiis.</span> 
     </span>
    </p>
   </div>
   <div class='ocr_carea' id='block_1_7' title="bbox 556 3083 883 3356">
    <p class='ocr_par' dir='ltr' id='par_1_7' title="bbox 556 3083 883 3356">
     <span class='ocr_line' id='line_1_19' title="bbox 613 3108 856 3154; baseline -0.008 -2"><span class='ocrx_word' id='word_1_163' title='bbox 613 3108 636 3152; x_wconf 92' lang='lat'><em>0</em></span> <span class='ocrx_word' id='word_1_164' title='bbox 657 3109 772 3154; x_wconf 78' lang='lat' dir='ltr'>SALVTE</span> <span class='ocrx_word' id='word_1_165' title='bbox 841 3121 856 3150; x_wconf 80' lang='lat' dir='ltr'>a</span> 
     </span>
     <span class='ocr_line' id='line_1_20' title="bbox 557 3083 883 3354; baseline 0 -100"><span class='ocrx_word' id='word_1_166' title='bbox 557 3083 666 3354; x_wconf 39' lang='lat' dir='ltr'>{iffi</span> <span class='ocrx_word' id='word_1_167' title='bbox 689 3211 729 3253; x_wconf 82' lang='lat' dir='ltr'>PP</span> <span class='ocrx_word' id='word_1_168' title='bbox 752 3211 815 3254; x_wconf 83' lang='grc' dir='ltr'>ΤΕΜ</span> <span class='ocrx_word' id='word_1_169' title='bbox 840 3214 883 3253; x_wconf 76' lang='lat' dir='ltr'>teon</span> 
     </span>
     <span class='ocr_line' id='line_1_21' title="bbox 556 3312 821 3356; baseline 0.004 -1"><span class='ocrx_word' id='word_1_170' title='bbox 556 3325 585 3356; x_wconf 82' lang='grc' dir='ltr'>οοι</span> <span class='ocrx_word' id='word_1_171' title='bbox 621 3313 652 3356; x_wconf 88' lang='grc'>11</span> <span class='ocrx_word' id='word_1_172' title='bbox 679 3312 782 3356; x_wconf 76' lang='lat' dir='ltr'>PAVU</span> <span class='ocrx_word' id='word_1_173' title='bbox 806 3314 821 3356; x_wconf 85' lang='lat' dir='ltr'>S</span> 
     </span>
    </p>
   </div>
   <div class='ocr_carea' id='block_1_8' title="bbox 64 3502 975 3684">
    <p class='ocr_par' dir='ltr' id='par_1_8' title="bbox 64 3502 975 3684">
     <span class='ocr_line' id='line_1_22' title="bbox 64 3502 975 3585; baseline 0.001 -23"><span class='ocrx_word' id='word_1_174' title='bbox 64 3502 385 3564; x_wconf 74' lang='lat' dir='ltr'>clermont-Ganneau</span> <span class='ocrx_word' id='word_1_175' title='bbox 405 3515 527 3582; x_wconf 83' lang='lat' dir='ltr'>rapport</span> <span class='ocrx_word' id='word_1_176' title='bbox 550 3504 630 3566; x_wconf 88' lang='grc'><strong>1884</strong></span> <span class='ocrx_word' id='word_1_177' title='bbox 653 3525 681 3582; x_wconf 90' lang='lat' dir='ltr'>p.</span> <span class='ocrx_word' id='word_1_178' title='bbox 697 3506 735 3564; x_wconf 87' lang='grc'>60</span> <span class='ocrx_word' id='word_1_179' title='bbox 758 3506 840 3585; x_wconf 89' lang='lat' dir='ltr'>ligno</span> <span class='ocrx_word' id='word_1_180' title='bbox 863 3507 975 3566; x_wconf 91' lang='lat' dir='ltr'>incidit.</span> 
     </span>
     <span class='ocr_line' id='line_1_23' title="bbox 104 3605 746 3684; baseline -0.002 -18"><span class='ocrx_word' id='word_1_181' title='bbox 104 3605 180 3666; x_wconf 91' lang='lat' dir='ltr'>Num</span> <span class='ocrx_word' id='word_1_182' title='bbox 204 3609 245 3667; x_wconf 86' lang='lat' dir='ltr'>sit</span> <span class='ocrx_word' id='word_1_183' title='bbox 265 3607 361 3667; x_wconf 82' lang='lat' dir='ltr'>fracta</span> <span class='ocrx_word' id='word_1_184' title='bbox 381 3607 469 3681; x_wconf 81' lang='lat' dir='ltr'>iufra,</span> <span class='ocrx_word' id='word_1_185' title='bbox 491 3626 598 3684; x_wconf 84' lang='lat' dir='ltr'>parum</span> <span class='ocrx_word' id='word_1_186' title='bbox 620 3613 746 3668; x_wconf 87' lang='lat' dir='ltr'>constat.</span> 
     </span>
    </p>
   </div>
   <div class='ocr_carea' id='block_1_9' title="bbox 69 3796 266 3808">
    <p class='ocr_par' dir='ltr' id='par_1_9' title="bbox 69 3796 266 3808">
     <span class='ocr_line' id='line_1_24' title="bbox 69 3796 266 3808; baseline 0.005 -3"><span class='ocrx_word' id='word_1_187' title='bbox 69 3796 266 3808; x_wconf 67' lang='lat'>———</span> 
     </span>
    </p>
   </div>
   <div class='ocr_carea' id='block_1_10' title="bbox 65 3943 1399 5300">
    <p class='ocr_par' dir='ltr' id='par_1_10' title="bbox 65 3943 1399 5300">
     <span class='ocr_line' id='line_1_25' title="bbox 120 3943 1394 4011; baseline 0.001 -14"><span class='ocrx_word' id='word_1_188' title='bbox 120 3943 143 4006; x_wconf 94' lang='lat'>¹)</span> <span class='ocrx_word' id='word_1_189' title='bbox 161 3945 269 3997; x_wconf 83' lang='lat' dir='ltr'>Nummi</span> <span class='ocrx_word' id='word_1_190' title='bbox 288 3945 332 4011; x_wconf 90' lang='lat' dir='ltr'>qui</span> <span class='ocrx_word' id='word_1_191' title='bbox 351 3951 441 3996; x_wconf 87' lang='lat' dir='ltr'>extant</span> <span class='ocrx_word' id='word_1_192' title='bbox 460 3959 517 3996; x_wconf 89' lang='lat' dir='ltr'>cum</span> <span class='ocrx_word' id='word_1_193' title='bbox 534 3945 639 3996; x_wconf 87' lang='lat' dir='ltr'>nomine</span> <span class='ocrx_word' id='word_1_194' title='bbox 653 3945 798 4010; x_wconf 83' lang='lat' dir='ltr'>Nicopolis,</span> <span class='ocrx_word' id='word_1_195' title='bbox 819 3945 884 3996; x_wconf 86' lang='lat' dir='ltr'>slter</span> <span class='ocrx_word' id='word_1_196' title='bbox 902 3946 964 3996; x_wconf 86' lang='lat' dir='ltr'>suni</span> <span class='ocrx_word' id='word_1_197' title='bbox 976 3945 1054 3996; x_wconf 83' lang='lat' dir='ltr'>XLII</span> <span class='ocrx_word' id='word_1_198' title='bbox 1066 3945 1165 3996; x_wconf 83' lang='lat' dir='ltr'>habens</span> <span class='ocrx_word' id='word_1_199' title='bbox 1178 3961 1271 3998; x_wconf 86' lang='lat' dir='ltr'>nomen</span> <span class='ocrx_word' id='word_1_200' title='bbox 1285 3947 1394 3999; x_wconf 87' lang='lat' dir='ltr'>Traiani</span> 
     </span>
     <span class='ocr_line' id='line_1_26' title="bbox 67 4033 1393 4104; baseline 0.005 -20"><span class='ocrx_word' id='word_1_201' title='bbox 67 4033 207 4088; x_wconf 83' lang='lat' dir='ltr'>Germanioi</span> <span class='ocrx_word' id='word_1_202' title='bbox 220 4037 321 4100; x_wconf 88' lang='lat' dir='ltr'>Daoici,</span> <span class='ocrx_word' id='word_1_203' title='bbox 341 4037 406 4088; x_wconf 82' lang='lat' dir='ltr'>ulter</span> <span class='ocrx_word' id='word_1_204' title='bbox 424 4038 485 4088; x_wconf 83' lang='lat' dir='ltr'>anni</span> <span class='ocrx_word' id='word_1_205' title='bbox 498 4037 604 4088; x_wconf 83' lang='lat' dir='ltr'>LXXII</span> <span class='ocrx_word' id='word_1_206' title='bbox 622 4038 696 4088; x_wconf 81' lang='lat' dir='ltr'>divae</span> <span class='ocrx_word' id='word_1_207' title='bbox 715 4038 863 4100; x_wconf 84' lang='lat' dir='ltr'>Faustinae,</span> <span class='ocrx_word' id='word_1_208' title='bbox 883 4037 1033 4102; x_wconf 84' lang='lat' dir='ltr'>plerumque</span> <span class='ocrx_word' id='word_1_209' title='bbox 1046 4037 1107 4088; x_wconf 86' lang='lat' dir='ltr'>huic</span> <span class='ocrx_word' id='word_1_210' title='bbox 1120 4039 1216 4104; x_wconf 93' lang='lat' dir='ltr'>oppido</span> <span class='ocrx_word' id='word_1_211' title='bbox 1229 4039 1393 4090; x_wconf 79' lang='lat' dir='ltr'>Palaestinas</span> 
     </span>
     <span class='ocr_line' id='line_1_27' title="bbox 66 4125 1394 4194; baseline 0.004 -19"><span class='ocrx_word' id='word_1_212' title='bbox 66 4125 212 4187; x_wconf 84' lang='lat' dir='ltr'>tribuuntur,</span> <span class='ocrx_word' id='word_1_213' title='bbox 232 4143 325 4194; x_wconf 85' lang='lat' dir='ltr'>parum</span> <span class='ocrx_word' id='word_1_214' title='bbox 343 4135 425 4192; x_wconf 83' lang='lat' dir='ltr'>roote3</span> <span class='ocrx_word' id='word_1_215' title='bbox 444 4129 473 4178; x_wconf 93' lang='lat' dir='ltr'>id</span> <span class='ocrx_word' id='word_1_216' title='bbox 492 4129 560 4179; x_wconf 83' lang='lat' dir='ltr'>enim</span> <span class='ocrx_word' id='word_1_217' title='bbox 579 4137 605 4180; x_wconf 86' lang='lat' dir='ltr'>et</span> <span class='ocrx_word' id='word_1_218' title='bbox 617 4129 743 4193; x_wconf 88' lang='lat' dir='ltr'>Iosephus</span> <span class='ocrx_word' id='word_1_219' title='bbox 763 4129 855 4180; x_wconf 83' lang='lat' dir='ltr'>diserte</span> <span class='ocrx_word' id='word_1_220' title='bbox 875 4129 912 4179; x_wconf 88' lang='lat' dir='ltr'>ait</span> <span class='ocrx_word' id='word_1_221' title='bbox 929 4145 956 4179; x_wconf 87' lang='lat' dir='ltr'>re</span> <span class='ocrx_word' id='word_1_222' title='bbox 976 4129 1079 4194; x_wconf 87' lang='lat' dir='ltr'>publica</span> <span class='ocrx_word' id='word_1_223' title='bbox 1097 4131 1208 4181; x_wconf 86' lang='lat' dir='ltr'>caruisse</span> <span class='ocrx_word' id='word_1_224' title='bbox 1226 4137 1251 4180; x_wconf 86' lang='lat' dir='ltr'>et</span> <span class='ocrx_word' id='word_1_225' title='bbox 1263 4132 1325 4181; x_wconf 84' lang='lat' dir='ltr'>civis</span> <span class='ocrx_word' id='word_1_226' title='bbox 1339 4131 1394 4180; x_wconf 86' lang='lat' dir='ltr'>eius</span> 
     </span>
     <span class='ocr_line' id='line_1_28' title="bbox 65 4217 1394 4286; baseline 0.002 -16"><span class='ocrx_word' id='word_1_227' title='bbox 65 4217 198 4272; x_wconf 71' lang='lat' dir='ltr'>Amemus</span> <span class='ocrx_word' id='word_1_228' title='bbox 217 4221 251 4272; x_wconf 89' lang='lat' dir='ltr'>ab</span> <span class='ocrx_word' id='word_1_229' title='bbox 264 4221 417 4272; x_wconf 84' lang='lat' dir='ltr'>Alexandro</span> <span class='ocrx_word' id='word_1_230' title='bbox 437 4221 541 4272; x_wconf 86' lang='lat' dir='ltr'>demum</span> <span class='ocrx_word' id='word_1_231' title='bbox 559 4221 587 4272; x_wconf 89' lang='lat' dir='ltr'>id</span> <span class='ocrx_word' id='word_1_232' title='bbox 605 4223 645 4272; x_wconf 92' lang='lat' dir='ltr'>ius</span> <span class='ocrx_word' id='word_1_233' title='bbox 664 4222 801 4286; x_wconf 84' lang='lat' dir='ltr'>accepisse,</span> <span class='ocrx_word' id='word_1_234' title='bbox 820 4236 902 4286; x_wconf 87' lang='lat' dir='ltr'>nequo</span> <span class='ocrx_word' id='word_1_235' title='bbox 922 4221 992 4271; x_wconf 87' lang='lat' dir='ltr'>enim</span> <span class='ocrx_word' id='word_1_236' title='bbox 1012 4222 1165 4273; x_wconf 85' lang='lat' dir='ltr'>contendere</span> <span class='ocrx_word' id='word_1_237' title='bbox 1186 4221 1275 4273; x_wconf 86' lang='lat' dir='ltr'>debuit</span> <span class='ocrx_word' id='word_1_238' title='bbox 1292 4222 1394 4274; x_wconf 83' lang='lat' dir='ltr'>Goltzo·</span> 
     </span>
     <span class='ocr_line' id='line_1_29' title="bbox 65 4311 1396 4379; baseline 0.003 -19"><span class='ocrx_word' id='word_1_239' title='bbox 65 4325 106 4360; x_wconf 84' lang='lat' dir='ltr'>rus</span> <span class='ocrx_word' id='word_1_240' title='bbox 123 4311 192 4374; x_wconf 83' lang='lat' dir='ltr'>(Sex.</span> <span class='ocrx_word' id='word_1_241' title='bbox 212 4314 295 4364; x_wconf 88' lang='lat' dir='ltr'>Iulius</span> <span class='ocrx_word' id='word_1_242' title='bbox 314 4315 453 4366; x_wconf 64' lang='lat' dir='ltr'>Auienus</span> <span class='ocrx_word' id='word_1_243' title='bbox 472 4329 497 4378; x_wconf 94' lang='lat' dir='ltr'>p.</span> <span class='ocrx_word' id='word_1_244' title='bbox 513 4311 541 4378; x_wconf 87' lang='grc'>7)</span> <span class='ocrx_word' id='word_1_245' title='bbox 566 4314 650 4366; x_wconf 88' lang='lat' dir='ltr'>vicum</span> <span class='ocrx_word' id='word_1_246' title='bbox 668 4329 695 4364; x_wconf 87' lang='lat' dir='ltr'>ro</span> <span class='ocrx_word' id='word_1_247' title='bbox 714 4312 819 4379; x_wconf 90' lang='lat' dir='ltr'>publica</span> <span class='ocrx_word' id='word_1_248' title='bbox 838 4319 967 4364; x_wconf 84' lang='lat' dir='ltr'>carentem</span> <span class='ocrx_word' id='word_1_249' title='bbox 986 4328 1038 4363; x_wconf 92' lang='lat' dir='ltr'>non</span> <span class='ocrx_word' id='word_1_250' title='bbox 1058 4313 1141 4364; x_wconf 90' lang='lat' dir='ltr'>solum</span> <span class='ocrx_word' id='word_1_251' title='bbox 1162 4315 1296 4379; x_wconf 87' lang='lat' dir='ltr'>Nicopolis</span> <span class='ocrx_word' id='word_1_252' title='bbox 1320 4329 1396 4364; x_wconf 81' lang='lat' dir='ltr'>uoca-</span> 
     </span>
     <span class='ocr_line' id='line_1_30' title="bbox 66 4401 1396 4472; baseline 0.005 -23"><span class='ocrx_word' id='word_1_253' title='bbox 66 4401 123 4452; x_wconf 91' lang='lat' dir='ltr'>bulo</span> <span class='ocrx_word' id='word_1_254' title='bbox 141 4420 214 4456; x_wconf 89' lang='lat' dir='ltr'>usum</span> <span class='ocrx_word' id='word_1_255' title='bbox 234 4421 302 4468; x_wconf 82' lang='lat' dir='ltr'>esso,</span> <span class='ocrx_word' id='word_1_256' title='bbox 329 4407 374 4456; x_wconf 85' lang='lat' dir='ltr'>sed</span> <span class='ocrx_word' id='word_1_257' title='bbox 392 4407 458 4457; x_wconf 85' lang='lat' dir='ltr'>adeo</span> <span class='ocrx_word' id='word_1_258' title='bbox 478 4420 596 4456; x_wconf 89' lang='lat' dir='ltr'>nummos</span> <span class='ocrx_word' id='word_1_259' title='bbox 615 4412 747 4471; x_wconf 83' lang='lat' dir='ltr'>percutere</span> <span class='ocrx_word' id='word_1_260' title='bbox 766 4407 886 4470; x_wconf 88' lang='lat' dir='ltr'>potuisse.</span> <span class='ocrx_word' id='word_1_261' title='bbox 931 4407 1014 4456; x_wconf 81' lang='lat' dir='ltr'>Immo</span> <span class='ocrx_word' id='word_1_262' title='bbox 1038 4423 1127 4456; x_wconf 84' lang='lat' dir='ltr'>vorum</span> <span class='ocrx_word' id='word_1_263' title='bbox 1152 4413 1191 4457; x_wconf 90' lang='lat' dir='ltr'>est</span> <span class='ocrx_word' id='word_1_264' title='bbox 1214 4406 1284 4472; x_wconf 92' lang='lat' dir='ltr'>quod</span> <span class='ocrx_word' id='word_1_265' title='bbox 1309 4405 1396 4456; x_wconf 86' lang='lat' dir='ltr'>obser·</span> 
     </span>
     <span class='ocr_line' id='line_1_31' title="bbox 67 4497 1396 4565; baseline 0.002 -21"><span class='ocrx_word' id='word_1_266' title='bbox 67 4497 131 4544; x_wconf 77' lang='lat' dir='ltr'>vent</span> <span class='ocrx_word' id='word_1_267' title='bbox 148 4498 243 4563; x_wconf 82' lang='lat' dir='ltr'>Suulcy</span> <span class='ocrx_word' id='word_1_268' title='bbox 268 4499 468 4565; x_wconf 77' lang='lat' dir='ltr'>(numismatique</span> <span class='ocrx_word' id='word_1_269' title='bbox 492 4497 523 4548; x_wconf 85' lang='lat' dir='ltr'>de</span> <span class='ocrx_word' id='word_1_270' title='bbox 543 4498 570 4548; x_wconf 84' lang='lat' dir='ltr'>la</span> <span class='ocrx_word' id='word_1_271' title='bbox 589 4505 655 4549; x_wconf 81' lang='lat' dir='ltr'>torre</span> <span class='ocrx_word' id='word_1_272' title='bbox 673 4499 754 4548; x_wconf 74' lang='lat' dir='ltr'>solute</span> <span class='ocrx_word' id='word_1_273' title='bbox 780 4515 805 4564; x_wconf 92' lang='lat' dir='ltr'>p.</span> <span class='ocrx_word' id='word_1_274' title='bbox 822 4497 885 4562; x_wconf 86' lang='grc'><strong>174)</strong></span> <span class='ocrx_word' id='word_1_275' title='bbox 910 4498 1121 4565; x_wconf 81' lang='lat' dir='ltr'>confirmavitque</span> <span class='ocrx_word' id='word_1_276' title='bbox 1145 4498 1208 4549; x_wconf 91' lang='lat' dir='ltr'>mihi</span> <span class='ocrx_word' id='word_1_277' title='bbox 1232 4511 1396 4548; x_wconf 86' lang='lat' dir='ltr'>nummorum</span> 
     </span>
     <span class='ocr_line' id='line_1_32' title="bbox 67 4588 1397 4656; baseline 0.003 -21"><span class='ocrx_word' id='word_1_278' title='bbox 67 4588 228 4649; x_wconf 85' lang='lat' dir='ltr'>peritissimus</span> <span class='ocrx_word' id='word_1_279' title='bbox 248 4591 410 4642; x_wconf 80' lang='lat' dir='ltr'>existimator</span> <span class='ocrx_word' id='word_1_280' title='bbox 427 4589 591 4642; x_wconf 83' lang='lat' dir='ltr'>Holmunuus</span> <span class='ocrx_word' id='word_1_281' title='bbox 610 4591 752 4652; x_wconf 86' lang='lat' dir='ltr'>Parisinus,</span> <span class='ocrx_word' id='word_1_282' title='bbox 777 4592 890 4655; x_wconf 84' lang='lat' dir='ltr'>priorem</span> <span class='ocrx_word' id='word_1_283' title='bbox 911 4598 978 4642; x_wconf 85' lang='lat' dir='ltr'>certe</span> <span class='ocrx_word' id='word_1_284' title='bbox 998 4607 1131 4642; x_wconf 89' lang='lat' dir='ltr'>nummum</span> <span class='ocrx_word' id='word_1_285' title='bbox 1148 4596 1253 4656; x_wconf 89' lang='lat' dir='ltr'>propter</span> <span class='ocrx_word' id='word_1_286' title='bbox 1271 4588 1397 4641; x_wconf 79' lang='lat' dir='ltr'>fabricam</span> 
     </span>
     <span class='ocr_line' id='line_1_33' title="bbox 66 4679 1397 4748; baseline 0.002 -21"><span class='ocrx_word' id='word_1_287' title='bbox 66 4679 257 4733; x_wconf 86' lang='lat' dir='ltr'>abiudieandum</span> <span class='ocrx_word' id='word_1_288' title='bbox 278 4697 333 4733; x_wconf 84' lang='lat' dir='ltr'>esse</span> <span class='ocrx_word' id='word_1_289' title='bbox 347 4683 509 4734; x_wconf 83' lang='lat' dir='ltr'>Palaestinae</span> <span class='ocrx_word' id='word_1_290' title='bbox 528 4691 554 4733; x_wconf 87' lang='lat' dir='ltr'>et</span> <span class='ocrx_word' id='word_1_291' title='bbox 572 4699 634 4748; x_wconf 87' lang='lat' dir='ltr'>prae</span> <span class='ocrx_word' id='word_1_292' title='bbox 654 4698 681 4734; x_wconf 87' lang='lat' dir='ltr'>ss</span> <span class='ocrx_word' id='word_1_293' title='bbox 699 4683 766 4734; x_wconf 81' lang='lat' dir='ltr'>ferre</span> <span class='ocrx_word' id='word_1_294' title='bbox 786 4684 896 4748; x_wconf 85' lang='lat' dir='ltr'>patriam</span> <span class='ocrx_word' id='word_1_295' title='bbox 914 4691 958 4734; x_wconf 90' lang='lat' dir='ltr'>aut</span> <span class='ocrx_word' id='word_1_296' title='bbox 972 4684 1123 4733; x_wconf 79' lang='lat' dir='ltr'>Armeniam</span> <span class='ocrx_word' id='word_1_297' title='bbox 1137 4689 1182 4733; x_wconf 89' lang='lat' dir='ltr'>aut</span> <span class='ocrx_word' id='word_1_298' title='bbox 1194 4682 1397 4746; x_wconf 83' lang='lat' dir='ltr'>Commagenen.</span> 
     </span>
     <span class='ocr_line' id='line_1_34' title="bbox 67 4771 1398 4840; baseline 0.001 -20"><span class='ocrx_word' id='word_1_299' title='bbox 67 4771 176 4838; x_wconf 81' lang='lat' dir='ltr'>Accedit,</span> <span class='ocrx_word' id='word_1_300' title='bbox 196 4775 266 4840; x_wconf 85' lang='lat' dir='ltr'>quod</span> <span class='ocrx_word' id='word_1_301' title='bbox 285 4775 323 4825; x_wconf 84' lang='lat' dir='ltr'>ita</span> <span class='ocrx_word' id='word_1_302' title='bbox 341 4789 386 4825; x_wconf 83' lang='lat' dir='ltr'>eru</span> <span class='ocrx_word' id='word_1_303' title='bbox 403 4780 471 4825; x_wconf 89' lang='lat' dir='ltr'>recte</span> <span class='ocrx_word' id='word_1_304' title='bbox 490 4776 640 4840; x_wconf 59' lang='lat' dir='ltr'>expeditum</span> <span class='ocrx_word' id='word_1_305' title='bbox 661 4789 721 4825; x_wconf 80' lang='lat' dir='ltr'>nam</span> <span class='ocrx_word' id='word_1_306' title='bbox 741 4775 774 4826; x_wconf 85' lang='lat' dir='ltr'>ab</span> <span class='ocrx_word' id='word_1_307' title='bbox 792 4787 816 4824; x_wconf 78' lang='lat' dir='ltr'>a.</span> <span class='ocrx_word' id='word_1_308' title='bbox 828 4792 853 4840; x_wconf 90' lang='lat' dir='ltr'>p.</span> <span class='ocrx_word' id='word_1_309' title='bbox 866 4775 926 4826; x_wconf 86' lang='lat' dir='ltr'>Chr.</span> <span class='ocrx_word' id='word_1_310' title='bbox 943 4778 975 4824; x_wconf 94' lang='grc'><strong>71</strong></span> <span class='ocrx_word' id='word_1_311' title='bbox 997 4774 1105 4832; x_wconf 85' lang='lat' dir='ltr'>(scilicet</span> <span class='ocrx_word' id='word_1_312' title='bbox 1123 4774 1156 4824; x_wconf 86' lang='lat' dir='ltr'>ab</span> <span class='ocrx_word' id='word_1_313' title='bbox 1174 4772 1308 4836; x_wconf 90' lang='lat' dir='ltr'>autumno)</span> <span class='ocrx_word' id='word_1_314' title='bbox 1327 4772 1398 4836; x_wconf 79' lang='grc' dir='ltr'><strong><em>Κομ-</em></strong></span> 
     </span>
     <span class='ocr_line' id='line_1_35' title="bbox 66 4855 1398 4938; baseline 0 -25"><span class='ocrx_word' id='word_1_315' title='bbox 66 4863 162 4927; x_wconf 59' lang='lat' dir='ltr'>penest</span> <span class='ocrx_word' id='word_1_316' title='bbox 184 4863 226 4914; x_wconf 75' lang='lat' dir='ltr'>sal</span> <span class='ocrx_word' id='word_1_317' title='bbox 244 4864 406 4933; x_wconf 78' lang='grc' dir='ltr'><strong><em>Σομοσοοιῖς</em></strong></span> <span class='ocrx_word' id='word_1_318' title='bbox 427 4855 484 4923; x_wconf 69' lang='lat' dir='ltr'>sads</span> <span class='ocrx_word' id='word_1_319' title='bbox 510 4863 598 4916; x_wconf 70' lang='lat' dir='ltr'>iuuetis</span> <span class='ocrx_word' id='word_1_320' title='bbox 623 4863 765 4935; x_wconf 54' lang='grc' dir='ltr'><strong><em>ἀριθμοῦσι</em></strong></span> <span class='ocrx_word' id='word_1_321' title='bbox 790 4855 901 4938; x_wconf 75' lang='grc' dir='ltr'><strong><em>χρὸιοιις</em></strong></span> <span class='ocrx_word' id='word_1_322' title='bbox 925 4865 996 4928; x_wconf 87' lang='lat' dir='ltr'>(Chr.</span> <span class='ocrx_word' id='word_1_323' title='bbox 1017 4867 1110 4918; x_wconf 80' lang='lat' dir='ltr'>Pasch.</span> <span class='ocrx_word' id='word_1_324' title='bbox 1130 4883 1156 4932; x_wconf 90' lang='lat' dir='ltr'>p.</span> <span class='ocrx_word' id='word_1_325' title='bbox 1170 4866 1237 4926; x_wconf 71' lang='lat'>4645</span> <span class='ocrx_word' id='word_1_326' title='bbox 1262 4864 1398 4916; x_wconf 74' lang='lat' dir='ltr'>sculcta</span> 
     </span>
     <span class='ocr_line' id='line_1_36' title="bbox 68 4955 1398 5024; baseline 0.001 -20"><span class='ocrx_word' id='word_1_327' title='bbox 68 4967 93 5014; x_wconf 83' lang='lat' dir='ltr'>p·</span> <span class='ocrx_word' id='word_1_328' title='bbox 106 4955 174 5019; x_wconf 79' lang='lat'>252).</span> <span class='ocrx_word' id='word_1_329' title='bbox 216 4958 309 5010; x_wconf 85' lang='lat' dir='ltr'>Fuisse</span> <span class='ocrx_word' id='word_1_330' title='bbox 328 4960 383 5010; x_wconf 86' lang='lat' dir='ltr'>sius</span> <span class='ocrx_word' id='word_1_331' title='bbox 401 4959 514 5009; x_wconf 88' lang='lat' dir='ltr'>nominis</span> <span class='ocrx_word' id='word_1_332' title='bbox 537 4973 592 5010; x_wconf 83' lang='lat' dir='ltr'>rem</span> <span class='ocrx_word' id='word_1_333' title='bbox 616 4960 744 5024; x_wconf 92' lang='lat' dir='ltr'>publicam</span> <span class='ocrx_word' id='word_1_334' title='bbox 768 4959 796 5009; x_wconf 91' lang='lat' dir='ltr'>in</span> <span class='ocrx_word' id='word_1_335' title='bbox 816 4959 989 5023; x_wconf 74' lang='lat' dir='ltr'>Commagene</span> <span class='ocrx_word' id='word_1_336' title='bbox 1008 4973 1064 5008; x_wconf 90' lang='lat' dir='ltr'>cum</span> <span class='ocrx_word' id='word_1_337' title='bbox 1085 4958 1189 5008; x_wconf 86' lang='lat' dir='ltr'>aliunde</span> <span class='ocrx_word' id='word_1_338' title='bbox 1212 4971 1265 5006; x_wconf 92' lang='lat' dir='ltr'>non</span> <span class='ocrx_word' id='word_1_339' title='bbox 1290 4962 1398 5019; x_wconf 88' lang='lat' dir='ltr'>constet,</span> 
     </span>
     <span class='ocr_line' id='line_1_37' title="bbox 69 5045 1399 5118; baseline 0.002 -24"><span class='ocrx_word' id='word_1_340' title='bbox 69 5045 128 5096; x_wconf 92' lang='lat' dir='ltr'>nibil</span> <span class='ocrx_word' id='word_1_341' title='bbox 145 5065 300 5116; x_wconf 80' lang='lat' dir='ltr'>magnopere</span> <span class='ocrx_word' id='word_1_342' title='bbox 318 5052 438 5116; x_wconf 86' lang='lat' dir='ltr'>impedit,</span> <span class='ocrx_word' id='word_1_343' title='bbox 463 5053 600 5116; x_wconf 88' lang='lat' dir='ltr'>quominus</span> <span class='ocrx_word' id='word_1_344' title='bbox 620 5052 656 5101; x_wconf 93' lang='lat' dir='ltr'>ibi</span> <span class='ocrx_word' id='word_1_345' title='bbox 676 5066 777 5118; x_wconf 87' lang='lat' dir='ltr'>quoque</span> <span class='ocrx_word' id='word_1_346' title='bbox 796 5051 931 5115; x_wconf 86' lang='lat' dir='ltr'>Nicopolis</span> <span class='ocrx_word' id='word_1_347' title='bbox 950 5051 1038 5115; x_wconf 87' lang='lat' dir='ltr'>aliqua</span> <span class='ocrx_word' id='word_1_348' title='bbox 1060 5050 1152 5113; x_wconf 80' lang='lat' dir='ltr'>fuerit,</span> <span class='ocrx_word' id='word_1_349' title='bbox 1176 5055 1324 5114; x_wconf 85' lang='lat' dir='ltr'>nuncupata</span> <span class='ocrx_word' id='word_1_350' title='bbox 1346 5048 1399 5097; x_wconf 81' lang='lat' dir='ltr'>lor·</span> 
     </span>
     <span class='ocr_line' id='line_1_38' title="bbox 67 5139 1399 5210; baseline 0 -21"><span class='ocrx_word' id='word_1_351' title='bbox 67 5145 129 5188; x_wconf 78' lang='lat' dir='ltr'>tasse</span> <span class='ocrx_word' id='word_1_352' title='bbox 152 5141 184 5192; x_wconf 90' lang='lat' dir='ltr'>ab</span> <span class='ocrx_word' id='word_1_353' title='bbox 208 5143 265 5208; x_wconf 79' lang='lat' dir='ltr'>ipss</span> <span class='ocrx_word' id='word_1_354' title='bbox 288 5142 335 5194; x_wconf 83' lang='lat' dir='ltr'>illa</span> <span class='ocrx_word' id='word_1_355' title='bbox 357 5143 467 5197; x_wconf 76' lang='lat' dir='ltr'>victorie</span> <span class='ocrx_word' id='word_1_356' title='bbox 486 5159 548 5196; x_wconf 83' lang='lat' dir='ltr'>sano</span> <span class='ocrx_word' id='word_1_357' title='bbox 573 5159 664 5210; x_wconf 81' lang='lat' dir='ltr'>parum</span> <span class='ocrx_word' id='word_1_358' title='bbox 690 5150 808 5207; x_wconf 87' lang='lat' dir='ltr'>cruenta,</span> <span class='ocrx_word' id='word_1_359' title='bbox 834 5158 910 5208; x_wconf 89' lang='lat' dir='ltr'>quam</span> <span class='ocrx_word' id='word_1_360' title='bbox 935 5144 966 5193; x_wconf 88' lang='lat' dir='ltr'>de</span> <span class='ocrx_word' id='word_1_361' title='bbox 991 5157 1050 5208; x_wconf 79' lang='lat' dir='ltr'>rego</span> <span class='ocrx_word' id='word_1_362' title='bbox 1075 5143 1206 5194; x_wconf 83' lang='lat' dir='ltr'>Antiocho</span> <span class='ocrx_word' id='word_1_363' title='bbox 1224 5139 1399 5206; x_wconf 86' lang='lat' dir='ltr'>Vespasianus</span> 
     </span>
     <span class='ocr_line' id='line_1_39' title="bbox 68 5231 303 5300; baseline 0.034 -22"><span class='ocrx_word' id='word_1_364' title='bbox 68 5241 93 5278; x_wconf 70' lang='lat' dir='ltr'>a</span> <span class='ocrx_word' id='word_1_365' title='bbox 106 5231 135 5281; x_wconf 78' lang='grc'><strong>71</strong></span> <span class='ocrx_word' id='word_1_366' title='bbox 155 5235 303 5300; x_wconf 75' lang='lat' dir='ltr'>reportavit.</span> 
     </span>
    </p>
   </div>
   <div class='ocr_carea' id='block_1_11' title="bbox 1136 5339 1195 5402">
    <p class='ocr_par' dir='ltr' id='par_1_11' title="bbox 1136 5339 1195 5402">
     <span class='ocr_line' id='line_1_40' title="bbox 1136 5339 1195 5402; baseline 0 0"><span class='ocrx_word' id='word_1_367' title='bbox 1136 5339 1195 5402; x_wconf 78' lang='lat' dir='ltr'>to·</span> 
     </span>
    </p>
   </div>
   <div class='ocr_carea' id='block_1_12' title="bbox 0 0 1776 5932">
    <p class='ocr_par' dir='ltr' id='par_1_12' title="bbox 0 0 1776 5932">
     <span class='ocr_line' id='line_1_41' title="bbox 0 0 1776 5932; baseline 0 0"><span class='ocrx_word' id='word_1_368' title='bbox 0 0 1776 5932; x_wconf 95' lang='lat' dir='ltr'> </span> 
     </span>
    </p>
   </div>
  </div>
 </body>
</html>
