3524 5932
370 454 442 524 626
942 477 1124 529 ttonttsnn

367 647 474 723 primo,
497 648 624 724 denique
646 650 810 726 imperante
827 648 974 710 Gratiano
997 650 1130 710 declarat
1144 651 1315 710 constitutio
1338 649 1386 725 (0.
1400 650 1458 710 Th.
1477 653 1504 724 l,
1521 651 1550 722 6,
1566 652 1598 727 8)
1612 653 1684 712 huius

366 749 555 827 imperatoris
578 751 649 810 data
670 751 832 812 Mediolani
860 754 888 812 d.
905 751 942 809 22
960 751 1039 812 Nov.
1063 773 1089 812 a.
1107 753 1166 813 382
1193 754 1233 812 ad
1254 753 1384 813 Bassum
1411 754 1593 830 praelectum
1617 755 1684 815 urbis

367 851 454 909 haec:
478 854 693 928 apparitoribus
718 857 771 911 tais
794 857 938 925 stationes,
961 875 1034 931 qaus
1057 856 1177 915 habuere
1200 859 1367 932 antiquitas,
1390 860 1539 916 statuimus
1562 875 1618 914 ease
1632 860 1684 914 red-

367 955 490 1012 dendas:
517 958 604 1030 ipimr
620 958 747 1031 prist-ino
770 975 845 1014 more
867 968 976 1015 sanato
998 959 1040 1014 ad
1060 977 1152 1016 omnm
1171 961 1352 1034 prouincias,
1383 977 1455 1034 qaas
1477 959 1522 1016 cel
1549 959 1605 1016 dici
1627 956 1685 1019 Car·

366 1059 487 1114 atuatici
507 1061 664 1115 constitutio
687 1059 812 1128 dederat,
833 1060 878 1116 cel
893 1057 1006 1116 Probae
1029 1064 1073 1117 vir
1093 1061 1217 1118 illustria
1237 1059 1432 1136 (intellegitur
1447 1057 1520 1120 Sex.
1536 1060 1693 1120 Petronius.

365 1158 483 1217 Probas
498 1159 666 1235 praefectus
682 1159 833 1234 praetorio
850 1159 955 1218 ltaliae
970 1160 1064 1218 asos
1076 1195 1114 1205 -
1124 1180 1148 1219 c.
1159 1161 1231 1237 375)
1243 1165 1388 1237 permissu
1403 1161 1459 1219 sibi
1473 1179 1492 1218 a
1503 1171 1591 1238 patre
1604 1174 1685 1220 oceno

366 1259 594 1334 (Valentiniano
622 1261 636 1318 I
664 1281 689 1318 a.
709 1260 895 1336 sos-375)
919 1272 1058 1336 potestate
1085 1264 1265 1333 reddiderat,
1294 1264 1447 1338 praecelsa
1473 1267 1620 1322 sinceritas
1645 1275 1686 1322 tua

361 1366 507 1438 principue
530 1363 689 1422 destinabit.
734 1362 796 1420 Eae
818 1363 990 1439 provinciae
1013 1383 1158 1441 quaenam
1182 1363 1291 1423 fuerint
1312 1383 1379 1422 cum
1401 1365 1432 1423 in
1453 1367 1620 1424 coniectura
1641 1383 1686 1440 po·

365 1465 453 1522 situm
476 1467 528 1536 sit,
556 1483 614 1522 non
637 1466 735 1540 inepte
757 1465 934 1540 cogitabitur
956 1466 992 1524 de
1015 1466 1067 1537 ils,
1097 1485 1113 1522 e
1136 1467 1245 1543 quibus
1268 1466 1487 1543 appellationes
1509 1467 1548 1525 ad
1569 1467 1687 1543 praeier-

310 1557 313 1563 ’
364 1576 425 1624 tum
447 1567 512 1625 urbi
535 1567 756 1637 deferebantur,
777 1586 843 1625 cum
867 1568 1042 1641 praesertim
1062 1569 1092 1625 in
1108 1569 1145 1626 iis
1161 1567 1338 1626 deliniendis
1354 1568 1425 1626 item
1440 1568 1600 1628 admodum
1615 1569 1686 1644 leges

364 1668 508 1726 variarint
520 1668 558 1744 ¹),
578 1670 668 1728 modo
683 1669 896 1728 constituentes
913 1669 949 1727 ad
964 1669 1146 1746 praefectum
1163 1669 1244 1728 urbis
1259 1669 1375 1728 Romae
1390 1679 1420 1727 et
1433 1686 1539 1729 rursus
1552 1668 1686 1728 Constan-

362 1770 578 1846 tinopolitanae
600 1771 816 1847 appellationes
839 1789 898 1827 non
920 1773 1080 1847 pertinere,
1105 1771 1193 1830 modo
1216 1771 1300 1830 illum
1323 1771 1538 1848 appellandum
1561 1791 1624 1833 esse
1644 1783 1686 1830 aut

363 1891 401 1930 ex
426 1873 517 1931 Italia
539 1873 606 1931 sola
627 1881 679 1930 ant
700 1881 855 1947 praeterea
883 1893 921 1930 ex
943 1875 1031 1932 certis
1058 1873 1220 1949 provinciis
1247 1872 1471 1945 transmarinis,
1502 1874 1686 1950 similiterque

362 1975 554 2051 disponentes
576 1974 613 2033 de
633 1974 786 2052 praelecto
810 1973 924 2032 Romae
945 1993 1050 2034 novae.
1078 2008 1119 2016 -
1144 1974 1317 2034 Posteriora
1339 1982 1435 2035 aetate
1460 1975 1641 2052 aliquamdiu
1660 1977 1686 2034 ui

361 2076 449 2134 fallor
470 2093 517 2134 res
541 2077 583 2134 ita
605 2076 799 2153 aequabiliter
822 2076 1031 2135 administrata
1052 2085 1107 2150 est,
1130 2087 1163 2135 nt
1183 2077 1378 2156 magistratus
1396 2077 1447 2153 qui
1462 2077 1580 2154 imperii
1593 2087 1685 2155 partes

361 2179 605 2237 administrarent
624 2179 789 2255 principem
811 2177 956 2236 haberent
976 2178 1012 2238 de
1036 2195 1090 2238 suo
1113 2179 1241 2256 quisque
1267 2179 1381 2249 officio,
1408 2188 1514 2238 contra
1540 2181 1685 2257 magistra·

361 2281 441 2339 tibus
464 2280 645 2339 dioecesium
667 2291 697 2338 et
717 2279 936 2355 provinciarum
962 2281 1103 2358 princeps
1130 2281 1321 2359 deputaretur
1347 2300 1386 2339 ex
1413 2281 1520 2340 schola
1545 2281 1685 2358 agentium

360 2383 391 2439 in
413 2383 511 2455 rebus,
533 2401 611 2459 quae
639 2382 762 2458 parebat
788 2383 932 2458 magistro
962 2381 1136 2442 officiorum.
1188 2381 1297 2460 Coepit
1322 2382 1352 2441 id
1379 2382 1511 2441 sortasse
1536 2383 1593 2442 sab
1615 2381 1685 2442 Con·

361 2484 487 2555 stanti03
515 2503 583 2542 nam
606 2492 727 2561 agentes
753 2485 784 2542 in
807 2485 896 2544 rebus
924 2502 1104 2561 quamquam
1131 2484 1252 2544 fuerunt
1277 2485 1337 2542 iam
1365 2484 1422 2544 snb
1445 2482 1686 2558 Ocnstautiuo²),

360 2585 416 2644 sub
437 2585 500 2643 filio
525 2586 642 2646 demum
671 2586 708 2644 ad
736 2605 800 2645 eam
828 2586 991 2663 potentiam
1020 2586 1156 2645 videntur
1183 2585 1327 2658 crevisse,
1360 2604 1449 2664 quam
1477 2585 1616 2666 deinceps
1640 2586 1685 2644 ob·

295 2713 300 2726 ·
359 2687 526 2758 tinnerunt3
548 2695 626 2747 certe
647 2706 712 2746 cum
737 2689 849 2766 scripta
870 2695 917 2747 est
932 2687 1049 2748 Notitia
1065 2687 1252 2768 Dignitatem
1269 2687 1428 2765 incipiente
1443 2688 1564 2747 saeculo
1579 2687 1686 2764 quinto,

357 2789 385 2848 is
408 2797 504 2849 status
526 2789 654 2848 obtinuit
674 2790 703 2847 in
727 2789 862 2866 partibus
878 2789 1049 2849 Occidentis
1070 2789 1256 2866 eundemque
1278 2799 1366 2848 antea
1380 2790 1470 2848 etiam
1484 2791 1516 2848 in
1532 2787 1687 2850 Occidente

358 2890 521 2950 obtinuisse
543 2910 582 2950 ex
604 2892 672 2968 ipsa
693 2891 881 2968 aliquatenus
904 2892 981 2950 effici
1003 2901 1111 2969 potest.

397 2993 502 3052 Priore
524 2994 590 3052 loco
613 2993 693 3070 quod
719 2993 945 3068 adseveramus,
971 2992 1090 3052 Notitla
1111 2994 1301 3071 Dignitatum
1328 3013 1363 3053 eo
1386 2992 1585 3066 demonstrat,
1613 2992 1689 3068 qnod

355 3095 516 3170 praefectis
537 3096 698 3171 praetorio,
720 3096 880 3171 praefectis
903 3096 987 3154 urbis
1003 3096 1117 3155 Romae
1139 3104 1169 3155 et
1183 3091 1516 3174 Constantinopottsi),
1537 3095 1687 3172 magistris

355 3197 521 3273 militum⁴)
548 3198 687 3276 princeps
715 3197 834 3256 additur
858 3199 951 3269 nude,
977 3199 1089 3275 pariter
1116 3206 1205 3274 atque
1231 3199 1265 3257 lit
1290 3200 1320 3257 in
1348 3198 1473 3274 reliquis
1499 3197 1689 3266 officialibus,

354 3316 430 3375 quos
452 3307 571 3358 constat
592 3300 622 3356 in
645 3317 699 3358 suo
720 3317 866 3376 quemque
888 3299 987 3357 officio
1010 3317 1063 3375 per
1084 3300 1196 3378 gradus
1219 3301 1409 3361 adscendere.
1457 3301 1621 3359 Praeterea
1643 3317 1689 3356 ne-

355 3418 413 3477 que
435 3401 546 3460 indicia
568 3407 731 3478 suppetunt
753 3401 817 3459 eins
838 3401 895 3459 loci
918 3401 1068 3478 principes
1091 3421 1129 3460 ex
1145 3403 1300 3480 agentibus
1315 3404 1345 3462 in
1359 3403 1449 3462 rebus
1464 3403 1559 3462 lectos
1576 3400 1689 3473 asad),

412 3679 436 3743 ¹)
455 3680 744 3746 Bethmann·llollweg
772 3677 940 3748 Giailprccess
959 3680 975 3730 3
994 3696 1020 3745 p.
1035 3680 1078 3731 63.
1094 3681 1137 3731 67.

411 3770 436 3834 ²)
455 3773 634 3823 Memoranmr
651 3773 678 3823 in
698 3772 753 3838 lege
771 3773 861 3824 adlit
882 3773 911 3824 C.
927 3773 977 3823 Th.
992 3773 1016 3834 6,
1039 3773 1081 3834 35,
1104 3773 1129 3823 3.

410 3863 435 3926 ³)
454 3865 603 3915 Laterculns
621 3865 696 3915 huius
714 3865 837 3930 praelecti
857 3865 953 3916 excidit
971 3880 1004 3915 ex
1017 3864 1119 3916 Notitia
1131 3864 1245 3917 Orientis
1251 3884 1259 3929 ;
1278 3866 1322 3915 sed
1341 3865 1415 3916 adest
1432 3865 1556 3930 gemellus
1570 3866 1600 3915 in
1613 3865 1690 3914 altera

352 3957 507 4008 Occidentis.

410 4047 435 4111 ⁴)
454 4049 496 4100 De
516 4051 637 4114 magistro
657 4050 771 4116 equitum
790 4064 836 4114 per
854 4048 955 4101 Gallias
974 4049 1044 4099 inira
1062 4051 1166 4100 dicetur.

412 4139 436 4204 ⁵)
455 4141 517 4192 Non
536 4143 621 4193 obstat
640 4143 733 4208 opinor
752 4141 899 4192 constitutio
919 4156 942 4191 a.
958 4141 1009 4191 368
1031 4141 1071 4202 (O.
1086 4143 1136 4192 Th.
1157 4145 1181 4205 1,
1200 4143 1243 4205 69,
1263 4141 1305 4203 4),
1330 4155 1382 4206 qna
1404 4141 1592 4192 constitutione
1611 4141 1690 4192 adid

352 4234 422 4301 quod
439 4225 528 4299 paullo
548 4242 607 4285 ante
625 4241 765 4286 sanxerant
783 4233 951 4298 imperatores
969 4233 1129 4284 defensorem
1147 4234 1258 4284 civitatis
1277 4235 1357 4283 creari
1372 4249 1448 4298 posse
1460 4234 1504 4299 qui
1517 4234 1691 4298 principatum

350 4327 469 4392 gessisset
486 4327 555 4392 apud
572 4326 729 4391 praefectum
749 4326 878 4390 praetorio
898 4324 1067 4390 vicariumue,
1091 4327 1195 4376 additur
1213 4326 1275 4378 item
1294 4325 1354 4390 eligi
1377 4325 1455 4375 licere
1479 4325 1524 4391 qai
1549 4340 1583 4375 er
1607 4321 1691 4376 ecbola

352 4425 466 4485 cepenam
484 4419 511 4467 ia
529 4416 604 4468 rebus
623 4416 679 4468 sedi
697 4417 817 4479 (traditur
836 4415 912 4478 sedis)
933 4417 1048 4467 culminis
1066 4419 1146 4468 nestri
1163 4416 1270 4479 (scilicet
1288 4416 1418 4482 praefecto
1431 4415 1576 4482 praetorto)
1597 4433 1691 4465 neaera

346 4511 509 4578 principatus
527 4517 613 4561 nostro
633 4507 811 4576 quodammodo
830 4509 927 4559 nomiae
942 4510 1085 4576 paruerint.
1113 4510 1201 4560 Verba
1218 4509 1282 4560 baec
1300 4509 1517 4574 interpretationis
1531 4523 1629 4574 parum
1641 4523 1691 4558 cer·

351 4610 392 4653 tae
412 4609 437 4652 et
455 4603 510 4653 sine
528 4604 608 4654 dubio
627 4602 752 4653 mendosa
770 4608 887 4666 spectant
905 4602 999 4666 opinor
1017 4602 1050 4652 ad
1070 4602 1198 4668 principes
1217 4602 1365 4666 praesidum
1384 4601 1553 4665 provinciae,
1574 4602 1621 4666 qui
1640 4615 1690 4650 non

350 4695 436 4760 inepte
455 4695 575 4746 dicuntur
593 4695 720 4762 praefecto
740 4695 870 4760 praetorio
889 4693 1016 4759 paruisse,
1043 4710 1101 4744 cum
1121 4695 1169 4758 ipsi
1188 4694 1317 4759 praesides
1336 4693 1383 4742 snb
1403 4707 1435 4743 eo
1454 4700 1551 4744 went.
1594 4692 1689 4744 Eadem

350 4789 527 4852 interpretatio
546 4787 649 4837 ridetur
667 4802 742 4852 possa
760 4786 861 4836 admitti
885 4787 946 4835 item
973 4785 1016 4834 ubi
1040 4785 1188 4836 constitun'o
1211 4801 1235 4836 a.
1250 4786 1302 4836 449
1328 4784 1512 4846 (noab'alent.
1528 4784 1576 4836 111
1596 4787 1635 4836 tit
1649 4787 1689 4844 tt,

353 4883 377 4942 1,
393 4877 419 4942 t)
439 4887 566 4932 memorat
584 4895 627 4930 eos
647 4880 690 4944 qui
709 4895 741 4929 ex
761 4879 849 4930 schola
868 4879 997 4943 agentium
1015 4878 1043 4928 in
1062 4877 1191 4928 rebusad
1212 4875 1331 4944 obsequia
1344 4877 1528 4944 praefecturae
1546 4878 1689 4946 praetanb·

349 4985 398 5020 uae
414 4979 474 5038 post
491 4971 591 5038 infinita
610 4970 756 5022 discrimina
775 4977 800 5020 et
818 4976 963 5036 cousumpta
981 4969 1073 5019 aetatis
1088 4976 1164 5036 parte
1182 4968 1283 5020 meliore
1301 4969 1468 5034 perveniunt,
1487 4985 1541 5020 nec
1560 4972 1647 5022 minus
1665 4971 1688 5020 iu

351 5064 467 5128 epistulis
484 5065 690 5116 Cassiodorianis
710 5065 736 5124 6,
750 5064 781 5114 6ε
806 5062 914 5130 officium
933 5062 985 5112 eius
1005 5061 1130 5126 (magistri
1149 5061 1304 5122 ciliciorum)
1324 5067 1398 5112 tanta
1415 5061 1485 5128 persii
1501 5065 1687 5130 prwoqmira

351 5153 492 5218 mamona,
513 5164 541 5206 ut
559 5157 664 5208 militiae
677 5154 827 5225 perstructus
844 5151 986 5206 ruuaeribae
1005 5159 1108 5206 muctar
1125 5153 1222 5204 aomina
1234 5153 1400 5223 principatus
1411 5153 1526 5222 miroque
1539 5153 1613 5206 noda
1627 5155 1688 5204 ister
