3574 5942
383 437 455 506 154
953 457 1137 510 uouusuu

379 629 433 700 ita,
455 637 488 686 ut
511 637 570 686 tam
593 630 791 704 promotionis
813 647 903 705 quarn
927 630 1080 689 missionis
1102 630 1256 718 arbitrium
1278 630 1357 707 apud
1383 631 1598 708 imperatorum
1623 633 1693 710 rit1).

379 729 484 806 ltaque
507 731 557 806 qui
581 749 640 788 non
663 741 885 807 promoventur,
908 741 1029 790 manent
1051 733 1177 803 evocati,
1199 733 1293 791 donec
1311 732 1409 792 officio
1425 733 1578 792 solvantur
1593 734 1695 794 iubente

378 833 422 890 ita
449 834 636 909 imperatore.
674 833 815 892 Veterani
838 834 1015 893 vocabulum
1042 835 1082 892 ad
1109 843 1264 893 evocatum
1291 835 1334 894 ita
1360 836 1486 894 missum
1513 855 1582 894 raro
1607 845 1635 894 et
1652 837 1694 895 rix

380 935 513 1010 legitimo
535 933 630 1009 usui)
664 935 801 1007 refertur,
835 937 887 994 sed
909 937 1079 1013 appellatur
1100 937 1162 996 fere
1184 956 1217 994 eu
1239 947 1359 1008 evocato,
1389 955 1448 995 non
1470 945 1530 996 tam
1552 938 1631 1013 quod
1648 938 1695 996 hoc

379 1037 558 1096 vocabulum
585 1037 680 1115 magis
706 1038 901 1096 honorificum
932 1045 979 1096 est
1011 1037 1099 1112 (nam
1126 1038 1257 1097 veterani
1287 1038 1376 1097 etiam
1404 1039 1595 1098 centuriones
1622 1050 1696 1110 recte,

379 1157 563 1216 quamquum
586 1159 646 1197 non
668 1141 839 1215 frequenter
862 1139 1063 1216 appellantur)
1092 1158 1181 1216 quam
1208 1141 1246 1198 ob
1272 1140 1397 1200 eandem
1424 1159 1561 1214 causam,
1592 1149 1697 1219 propter

379 1259 469 1316 quam
495 1242 654 1317 stipendiis
680 1243 792 1300 salaria
818 1242 1037 1300 substituuntur
1066 1251 1096 1300 et
1122 1241 1234 1318 caligae
1262 1243 1425 1318 opponitur
1449 1243 1600 1315 evocatio,
1629 1243 1697 1319 quod

379 1343 466 1401 civile
493 1343 623 1402 officium
656 1344 755 1419 potius
789 1343 932 1402 sustinuit
958 1362 1046 1419 quam
1080 1353 1241 1402 castrense.
1292 1343 1340 1403 Ne
1370 1344 1401 1402 in
1432 1344 1568 1421 praemia
1592 1344 1697 1420 quidem

378 1453 586 1504 veteranorum
609 1455 733 1504 evocato
756 1446 882 1504 dimisso
904 1447 951 1504 ius
974 1445 1066 1503 fuisse
1088 1446 1250 1504 verisimile
1271 1455 1327 1517 est,
1351 1465 1415 1505 cum
1438 1449 1469 1505 in
1491 1465 1594 1504 eorum
1613 1445 1697 1504 locum

379 1547 596 1623 quodammodo
619 1547 790 1606 succederet
812 1547 902 1606 oflicii
924 1549 1109 1623 perpetuatio
1132 1567 1199 1605 cum
1216 1567 1270 1625 spe
1285 1549 1400 1607 ordinis
1416 1549 1585 1620 coniuncta;
1609 1566 1698 1626 quam·

379 1668 469 1725 quam
497 1649 561 1708 sine
583 1650 673 1707 dubio
701 1651 765 1708 sive
791 1651 857 1725 lege
884 1649 948 1708 sive
974 1650 1072 1726 gratia
1099 1651 1235 1709 effectum
1262 1659 1321 1723 est,
1351 1661 1384 1709 ut
1405 1661 1546 1710 evocatus
1568 1649 1699 1708 dimissus

379 1751 499 1827 aliquod
523 1751 644 1809 militiae
667 1752 829 1827 praemium
851 1760 881 1810 et
903 1752 981 1810 vitae
1003 1752 1137 1828 reliquae
1160 1753 1360 1811 adiumentum
1383 1752 1520 1810 auferret.

421 1853 546 1910 Evocati
569 1872 634 1911 cum
657 1853 720 1912 fere
742 1872 781 1911 ex
803 1854 1003 1929 praetorianis
1019 1854 1209 1930 eligerentur,
1230 1855 1268 1912 iis
1291 1855 1417 1913 sublatis
1434 1853 1591 1930 antiquum
1613 1853 1700 1911 locuu

379 1957 409 2014 in
431 1975 464 2013 re
490 1954 613 2032 publice
638 1955 765 2012 retinere
793 1973 851 2013 non
878 1965 1050 2032 potuerunt,
1081 1975 1177 2032 ueque
1203 1965 1317 2026 temen,
1347 1965 1380 2014 ut
1403 1963 1507 2014 censet
1528 1953 1700 2016 Schmidtius

379 2075 408 2132 p.
423 2057 493 2128 353,
515 2076 581 2114 cum
600 2057 638 2115 iis
653 2058 837 2130 interierunt,
861 2057 912 2115 sed
929 2065 1104 2116 manserunt
1119 2058 1318 2135 aliquatenus,
1339 2057 1409 2117 lecti
1425 2057 1537 2117 scilicet
1550 2077 1592 2116 ex
1607 2057 1702 2116 cohor·

379 2159 457 2216 tibus
486 2158 621 2231 urbanis,
655 2163 743 2216 etiam
770 2168 839 2234 post
865 2160 965 2217 urbem
988 2159 1116 2217 Romam
1142 2161 1250 2218 factam
1273 2157 1524 2235 Christianami).
1580 2157 1702 2236 Negotia

380 2270 478 2318 tamen
501 2259 571 2317 olim
599 2279 652 2335 per
673 2278 725 2318 eos
748 2269 852 2319 curata
874 2269 980 2337 quarto
1003 2262 1123 2320 saeculo
1145 2263 1185 2320 ad
1206 2261 1305 2321 officia
1326 2262 1516 2338 potissimum
1538 2259 1702 2340 praesidum

380 2371 410 2421 et
431 2364 537 2421 ducum
561 2364 707 2421 translata
730 2369 806 2421 sunt.

463 2937 630 2997 XXXVII.
674 2936 971 2998 IVSIVRANDVM
999 2937 1045 2996 IN
1072 2937 1107 2997 Ο.
1132 2936 1359 2999 CAESAREM
1381 2937 1628 3000 AVGVSTVM.

421 3148 617 3225 Norautiqua
642 3159 856 3226 componentur
881 3152 939 3210 hoc
964 3152 1207 3210 commentariolo
1235 3171 1294 3211 nou
1320 3161 1380 3210 tam
1407 3151 1610 3210 illustratione
1636 3149 1707 3208 iudi·

379 3252 480 3329 gentis
500 3269 588 3327 quarn
611 3252 762 3325 iunctura;
785 3254 853 3330 ipsa
867 3254 943 3311 enim
966 3273 1022 3329 pro
1037 3253 1238 3312 illustratione
1252 3254 1317 3312 erit.
1351 3253 1496 3312 Tabellas
1511 3271 1624 3311 aeneae
1643 3269 1708 3326 pro·

368 3355 498 3412 dierunt
523 3353 614 3426 duae,
639 3356 735 3414 altera
761 3375 788 3412 a.
809 3355 886 3414 1659
914 3355 946 3414 in
970 3355 1130 3414 Lusitania
1156 3356 1194 3413 ad
1217 3355 1333 3432 Tagum
1360 3372 1475 3412 amnem
1502 3371 1596 3432 supra
1621 3353 1707 3413 Olisi-

379 3473 487 3532 ponem
514 3465 649 3515 extracta
676 3477 715 3516 ex
743 3457 899 3516 ruderibus
926 3456 1028 3534 oppidi
1057 3475 1127 3514 raro
1153 3457 1308 3515 memorati
1330 3455 1435 3526 siritii,
1463 3456 1559 3513 altera
1584 3475 1613 3513 a.
1633 3455 1705 3513 1881

380 3557 454 3614 Assi
476 3557 508 3615 iu
530 3556 662 3631 Troade,
691 3559 760 3616 dum
784 3559 954 3617 Americani
977 3558 1018 3617 ibi
1039 3558 1164 3634 antiqua
1185 3558 1295 3616 rudera
1316 3557 1490 3632 exploraut3
1516 3557 1570 3615 illa
1593 3556 1709 3626 Latina,
1760 3615 1761 3618 ,

380 3659 455 3716 baec
477 3656 608 3731 Graeca3
635 3661 689 3719 illa
711 3660 868 3719 notissima
895 3667 924 3718 et
950 3677 1042 3736 saepe
1063 3659 1143 3718 edita
1168 3656 1274 3734 (c.11,
1300 3657 1357 3717 tta
1379 3657 1466 3734 cet),
1496 3658 1571 3717 haec
1600 3657 1709 3737 publici

440 3942 464 4005 1)
489 3943 521 3993 Id
549 3943 583 3993 ad
607 3945 768 3994 centuriones
791 3958 892 4010 quoque
917 3943 1080 4008 aliquatenus
1102 3942 1227 4008 pervenit.
1274 3941 1379 3995 Scilicet
1401 3957 1458 3992 cum
1483 3942 1636 3994 missionem
1659 3943 1712 3991 iure

380 4036 510 4101 postulent
528 4037 681 4101 quicumque
700 4052 747 4102 per
765 4045 860 4086 eertum
880 4051 1006 4086 annorum
1024 4051 1159 4085 numerum
1178 4036 1205 4083 iu
1225 4034 1316 4084 ordine
1335 4035 1485 4096 militarunt,
1507 4036 1529 4084 is
1548 4049 1654 4100 quoque
1671 4034 1713 4098 qui
1760 4031 1761 4052 ³

380 4143 427 4193 per
446 4143 490 4178 eos
510 4143 591 4178 annos
610 4129 813 4178 centurionatum
834 4129 969 4178 adsecutus
988 4134 1025 4177 est
1044 4143 1101 4177 cum
1126 4127 1232 4192 reliquis
1258 4126 1354 4176 dimitti
1376 4132 1473 4190 potest,
1497 4141 1545 4176 uec
1569 4127 1665 4177 desum
1687 4125 1713 4174 in

381 4221 531 4271 missionum
552 4221 711 4270 documentis
730 4235 796 4285 quae
814 4221 960 4285 pertineant
978 4221 1010 4269 ad
1031 4219 1192 4269 centuriones
1211 4218 1253 4279 (ei.
1269 4219 1299 4269 C.
1311 4219 1353 4269 111
1371 4234 1397 4282 p.
1411 4219 1474 4268 914.
1494 4219 1568 4280 915).
1602 4217 1658 4270 Sed
1670 4216 1714 4266 ubi
1760 4223 1761 4234 ³

380 4313 506 4362 insitante
525 4313 641 4377 principe
660 4313 774 4362 centurio
788 4327 803 4362 a
816 4313 939 4362 missione
951 4312 1104 4372 abstinebat,
1125 4310 1152 4360 id
1165 4310 1235 4376 quod
1248 4325 1324 4374 saepe
1337 4310 1433 4360 fromn
1447 4324 1502 4360 esse
1514 4317 1635 4375 apparet,
1656 4323 1714 4359 eon·
1760 4293 1761 4320 ³

382 4404 450 4455 dicio
470 4405 561 4454 similis
580 4404 658 4454 fiebat
677 4405 784 4466 evocati,
805 4405 956 4468 videturque
975 4404 1067 4454 militia
1085 4405 1123 4452 its
1141 4409 1258 4467 suscepta
1275 4403 1332 4452 iure
1349 4409 1473 4467 perpetus
1490 4403 1583 4464 fines,
1612 4409 1641 4452 ut
1665 4416 1715 4451 uon

381 4497 523 4546 solveretur
546 4497 597 4546 nisi
620 4505 665 4546 aut
686 4497 849 4561 promotione
872 4503 916 4546 aut
940 4497 1077 4546 arbitraria
1098 4495 1229 4545 missione.
1274 4494 1343 4543 Hinc
1366 4495 1472 4543 omniuo
1495 4495 1625 4558 originem
1650 4494 1715 4558 cepit
1760 4497 1761 4528 3

382 4603 475 4654 corpus
493 4589 557 4638 illud
577 4588 646 4653 quod
664 4603 743 4652 supra
761 4589 890 4652 tetigimus
909 4588 1106 4652 primipilarium
1126 4587 1268 4637 vacantium
1289 4587 1316 4636 in
1334 4586 1456 4636 comitatu
1475 4586 1644 4650 imperatoris
1657 4601 1716 4634 eon-
1760 4629 1761 4634 ,

380 4681 535 4730 stitutorum.
573 4681 702 4730 Nimirum
721 4681 836 4730 centurio
855 4681 881 4729 in
901 4679 988 4729 officio
1008 4693 1114 4729 manens
1133 4679 1255 4728 missione
1274 4679 1370 4728 omues
1388 4693 1446 4728 cum
1465 4679 1543 4727 solito
1562 4679 1660 4728 ordine
1683 4677 1716 4725 ad
1760 4695 1761 4714 1

381 4773 568 4838 primipilatum
586 4773 757 4837 pervenisset,
783 4785 967 4836 saepenumero
987 4771 1088 4821 ridetur
1106 4785 1189 4836 neque
1208 4785 1266 4820 eum
1285 4771 1369 4820 locum
1393 4769 1439 4818 diu
1461 4769 1608 4820 obtinuisse
1633 4783 1717 4834 neque

381 4867 468 4916 stetim
487 4871 619 4930 promotus
639 4879 703 4926 esse,
723 4865 768 4914 sed
787 4865 889 4914 interim
908 4865 935 4913 in
955 4864 1078 4914 comitatu
1096 4864 1219 4927 principis
1237 4869 1359 4912 retentus.
1760 4915 1761 4934 χ

440 4954 464 5020 ²)
486 4956 545 5008 Duo
564 4957 684 5021 exempla
712 4956 775 5006 milri
803 4962 865 5006 nota
883 4957 996 5006 veterani
1018 4971 1048 5006 es
1070 4961 1173 5006 euocato
1199 4955 1229 5007 O·
1246 4955 1300 5016 VI,
1325 4953 1398 5005 3430
1426 4959 1452 5004 et
1475 4953 1591 5004 camasi
1617 4954 1720 5004 comati

384 5047 471 5114 (supra
490 5065 515 5112 p.
531 5049 582 5106 145
604 5066 628 5098 u.
645 5049 670 5110 t)
692 5050 782 5100 aetatis
801 5049 905 5098 intimae
924 5055 982 5099 sunt
1001 5057 1026 5098 st
1045 5049 1197 5100 auctoritate
1215 5047 1345 5098 destituta.
1760 5041 1761 5056 ³

441 5137 466 5203 ³)
486 5141 516 5192 C.
531 5141 576 5204 vt,
600 5143 679 5192 2870.
