3524 5932
431 485 733 538 ossnnvnnronas
760 486 1044 540 accenseamus.
1334 469 1404 540 641

71 661 205 722 ostendit
227 660 396 737 exceptoris
421 661 600 737 chartaeque
622 662 896 738 commemoratio),
919 665 1058 722 convenit
1079 681 1146 721 cum
1167 663 1231 721 iure
1254 681 1290 722 ea
1311 670 1409 720 aetate

72 770 199 838 recepto.
237 763 422 833 Denuntiari,
445 763 619 823 constitutio
643 765 685 822 ait
702 763 894 823 Constantini
909 761 1060 842 magni1),
1082 765 1127 824 oei
1148 768 1229 842 apud
1244 769 1410 842 provinciu-

74 883 136 922 runr
159 875 281 923 rectores
302 865 347 924 vel
367 867 449 942 apud
472 884 519 924 ees
548 865 648 942 quibus
676 878 801 926 actorum
827 869 1061 944 conficiendorum
1086 872 1131 926 ins
1158 877 1198 926 est
1225 869 1410 938 decernimus,

70 987 104 1026 na
123 971 245 1044 priuata
266 971 378 1026 metatio
459 969 573 1044 salsam
588 969 676 1045 fidem
697 971 779 1028 rebus
800 989 858 1028 non
877 973 964 1045 pestis
984 971 1121 1048 adfingat.
1159 970 1329 1029 Postulatio
1346 971 1410 1029 sive

69 1047 133 1134 litis
155 1069 341 1128 denuntiatio
366 1077 462 1128 utrum
484 1071 538 1128 fiat
559 1073 695 1147 partibus
718 1072 927 1148 praesentibus
950 1090 988 1130 an
1011 1074 1134 1131 absente
1156 1091 1223 1145 reo,
1250 1073 1307 1130 viri
1330 1073 1409 1130 docti

69 1169 280 1248 ambigunt²);
303 1172 360 1230 hoc
382 1173 510 1231 edictum
533 1192 599 1231 cum
622 1183 745 1251 propter
760 1175 994 1251 postulationem
1010 1175 1201 1233 honorarium
1218 1175 1295 1233 solvi
1310 1175 1411 1234 iubeat

69 1295 133 1334 non
156 1274 316 1346 advocato,
345 1275 397 1332 sed
421 1275 588 1347 advocatis,
612 1275 656 1333 illi
679 1277 844 1335 sententiae
867 1277 963 1355 magis
986 1277 1082 1348 favet,
1105 1296 1284 1356 quamquam
1308 1296 1410 1336 verum

68 1389 130 1450 est,
160 1396 226 1436 cum
249 1377 385 1453 partibus
407 1377 511 1436 liceret
532 1378 632 1453 plures
655 1379 824 1438 causidicos
847 1379 1008 1451 advocare,
1036 1379 1125 1438 etiam
1149 1380 1272 1438 alteram
1296 1380 1410 1455 opinio·

69 1501 140 1540 nem
162 1497 231 1538 cum
257 1479 368 1556 plurali
394 1498 519 1537 nurnero
548 1497 640 1557 posse
668 1481 828 1539 conciliari.
879 1481 913 1538 In
940 1481 1142 1559 postulatione
1169 1482 1248 1558 qnod
1275 1481 1412 1539 advocati

70 1583 184 1641 actoris
206 1590 307 1657 partes
329 1582 500 1640 necessario
522 1584 655 1659 potiores
678 1582 806 1656 fuerunt,
829 1602 897 1642 rens
921 1583 1026 1643 adesse
1048 1585 1145 1662 potuit
1163 1593 1215 1642 aut
1229 1594 1345 1643 tacente
1360 1583 1410 1640 ad-

70 1694 182 1744 vocate
205 1685 301 1760 ipsius
324 1692 376 1741 aut
398 1683 473 1743 adeo
497 1685 561 1743 siue
583 1685 744 1759 advocato,
772 1686 803 1744 id
826 1705 885 1744 non
911 1687 1048 1762 impedit,
1078 1687 1238 1763 quominus
1265 1687 1411 1744 advocato

69 1790 130 1860 rei,
161 1787 189 1845 si
211 1787 318 1857 adsuit,
346 1787 377 1844 in
399 1787 477 1844 idem
499 1787 692 1845 honorarium
719 1789 766 1847 ius
789 1790 829 1847 sit
851 1796 940 1864 atque
962 1789 1087 1860 actoris;
1120 1807 1190 1846 nam
1217 1789 1311 1865 magis
1338 1797 1413 1847 tem-

68 1889 155 1968 poris
178 1898 320 1964 respectu
343 1907 431 1966 quam
455 1907 565 1966 operae
587 1890 780 1949 honorarium
803 1892 991 1949 aestimatum
1016 1909 1082 1951 esse
1105 1899 1337 1950 consentaneum
1357 1897 1412 1949 est.

70 1991 171 2052 Gesta
193 2010 258 2049 cum
282 1991 467 2050 sollemniter
490 1991 608 2052 duobus
632 1993 853 2070 exemplaribus
876 1993 995 2066 fierent,
1021 2013 1147 2070 quorum
1170 1993 1295 2052 alterum
1319 1993 1413 2051 actori

70 2095 252 2166 traderetur,
275 2093 400 2152 alterum
424 2113 485 2166 reo,
508 2095 634 2171 pluralis
657 2097 688 2153 in
711 2103 886 2173 exceptores
908 2113 1026 2172 quoque
1048 2104 1128 2154 reete
1151 2096 1288 2171 quadrat.

113 2195 363 2256 Contradictione
375 2195 404 2270 ³)
430 2207 556 2274 apparet
582 2198 793 2274 comprehendi
819 2217 895 2273 quae
919 2197 1102 2258 defensionis
1129 2216 1220 2256 causa
1247 2215 1315 2256 reus
1342 2198 1412 2256 item

71 2301 154 2378 apud
178 2311 248 2358 acta
268 2299 338 2357 edit.
376 2297 521 2358 Similiter
542 2305 572 2358 in
595 2302 693 2359 edicto
710 2299 891 2358 Diocletiani
914 2300 949 2357 de
972 2301 1076 2377 pretiis
1092 2319 1190 2358 rerum
1213 2317 1238 2357 c.
1255 2300 1283 2372 7,
1310 2299 1411 2358 1213

71 2409 268 2480 praestantur
289 2403 428 2460 advocato
451 2407 509 2459 sive
531 2406 602 2459 iuris
621 2406 715 2478 perito
737 2404 872 2462 mercedis
894 2406 925 2460 in
942 2402 1137 2479 postulatione
1164 2401 1301 2478 (denarii)
1327 2401 1412 2472 CCL,

71 2512 100 2564 in
124 2509 284 2581 cognitione
307 2505 419 2561 decani
440 2504 531 2576 mille,
561 2523 657 2580 neque
680 2505 756 2562 enim
779 2506 839 2563 nisi
862 2505 981 2564 nomina
1004 2506 1146 2564 differunt
1168 2505 1363 2564 contradictio
1386 2511 1415 2562 et

70 2608 217 2684 cognitio.
267 2603 310 2664 Ut
336 2606 497 2664 secundum
525 2606 746 2665 Diocletianum
774 2607 936 2666 advocatus
963 2616 1087 2683 propter
1111 2608 1312 2684 cognitionem
1340 2625 1414 2682 qua·

71 2710 216 2784 druplum
240 2707 348 2782 accipit
369 2709 434 2766 eius
457 2726 599 2780 summae,
622 2727 698 2784 quae
717 2709 927 2786 postulationis
941 2727 1032 2768 cansa
1046 2710 1188 2787 exigitur,
1210 2711 1253 2768 ita
1268 2729 1304 2766 ex
1319 2708 1414 2766 edicto

71 2811 245 2874 consularis
260 2808 422 2868 Numidiae
443 2811 606 2870 advocatus
629 2819 751 2888 propter
773 2812 1038 2870 contradictionem
1061 2812 1182 2888 duplum
1207 2811 1260 2886 (ὃς
1279 2810 1339 2886 10),
1363 2831 1415 2870 ex·

70 2925 180 2992 ceptor
209 2913 274 2988 plus
301 2912 392 2988 duplo
421 2912 539 2988 (5:12)
568 2914 678 2988 accipit
704 2914 769 2972 eius
795 2914 874 2989 quod
902 2913 990 2971 datur
1015 2923 1140 2990 propter
1165 2913 1413 2990 postulationem

71 3019 201 3076 chartae
223 3025 321 3072 autem
344 3016 536 3091 requiruntur
557 3015 587 3071 in
614 3014 667 3073 illa
695 3016 845 3091 singulae,
871 3017 903 3072 in
928 3015 984 3073 hac
1011 3026 1183 3091 quaternae.
1233 3015 1268 3072 In
1296 3026 1414 3074 contra-

71 3119 209 3178 dictione
229 3135 295 3174 cum
319 3118 456 3176 advocati
479 3117 522 3174 rei
545 3127 645 3192 partes
670 3118 801 3192 potiores
823 3118 893 3189 sint,
916 3118 1009 3174 nihilo
1032 3117 1131 3175 minus
1152 3125 1276 3195 propter
1290 3117 1415 3177 eandem
1486 3169 1490 3178 .

70 3241 166 3298 quam
192 3238 283 3298 supra
305 3220 390 3296 tetigi
412 3236 533 3278 eausam
558 3219 666 3278 actoris
690 3220 852 3278 advocatus
875 3219 952 3278 idem
976 3220 1168 3278 honorarium
1192 3219 1310 3294 accipit.

120 3322 224 3381 Consu
245 3327 276 3380 in
297 3326 430 3398 urguenti
443 3323 574 3396 finienda
596 3340 661 3378 cnm
684 3323 750 3398 ipsa
771 3323 1044 3397 interpretationem
1067 3341 1126 3380 non
1153 3323 1297 3396 requirat,
1324 3340 1414 3396 quae·

70 3447 146 3484 nam
170 3445 224 3482 eae
246 3441 354 3482 causae
375 3423 496 3496 fuerint,
520 3422 645 3482 edietum
670 3443 728 3482 non
752 3424 913 3500 significan
940 3425 992 3483 sed
1016 3443 1081 3483 cum
1105 3431 1302 3500 propterera
1325 3423 1416 3482 semel

69 3539 192 3588 tantum
215 3528 362 3586 advocato
385 3527 540 3585 retributio
568 3526 654 3584 detur
676 3527 800 3584 summis
826 3527 922 3585 auctis
950 3526 1074 3602 (scilicet
1093 3545 1149 3600 pro
1168 3526 1277 3585 modiis
1299 3525 1414 3588 5-1-10

70 3631 190 3708 accipit
212 3649 250 3688 m.
267 3628 327 3704 15),
350 3628 512 3687 verisimile
534 3637 582 3687 est
602 3629 633 3686 in
655 3629 702 3686 bis
718 3629 948 3705 postulationem
965 3637 994 3687 et
1009 3628 1273 3687 contradictionem
1288 3628 1331 3685 ita
1346 3647 1416 3686 con·

68 3735 169 3811 iungi,
193 3741 226 3790 ut
248 3750 310 3788 una
331 3731 483 3789 audientia
504 3732 543 3788 lis
565 3731 695 3788 finiatur.

113 3837 248 3911 Desinite
269 3851 358 3916 causa
380 3832 450 3906 quid
473 3832 631 3910 significet,
653 3833 764 3910 ambigi
788 3843 899 3909 potest;
923 3853 990 3891 nam
1013 3833 1068 3892 etsi
1090 3834 1121 3891 in
1144 3841 1283 3908 promptu
1305 3842 1351 3890 est
1372 3835 1417 3891 in·

68 3939 180 4015 tellegi
204 3935 382 3994 sententiam
404 3954 422 3992 a
443 3934 582 4011 praeside
604 3935 706 4005 latam,
729 3935 758 3992 id
781 3937 938 4011 quominus
962 3937 1155 3994 admittamus
1178 3935 1264 4013 plura
1286 3936 1416 3993 obstant.

66 4041 212 4098 Primum
236 4057 295 4095 non
313 4036 409 4107 video,
433 4056 493 4106 cur,
517 4039 544 4095 si
560 4037 595 4094 de
612 4039 758 4095 sententia
774 4038 974 4096 blariscianus
991 4037 1144 4114 cogitavit,
1169 4037 1315 4096 sollemne
1332 4056 1418 4095 voca-

64 4359 182 4397 rauaam
201 4340 291 4392 audire
310 4342 420 4409 coeperit
448 4341 550 4406 aliaque
569 4341 665 4390 Leonis
683 4340 847 4405 Zenonisque
872 4340 948 4402 (Cod.
967 4341 1148 4405 21111225,
1167 4343 1193 4403 4,
1214 4341 1240 4402 2)
1265 4349 1290 4391 et
1307 4342 1419 4392 Zenonis

65 4437 154 4500 (Cod.
167 4437 231 4486 Iust.
243 4437 286 4496 12,
296 4435 339 4496 21,
349 4435 374 4496 8,
383 4433 425 4496 4);
445 4434 522 4484 etism
536 4428 672 4500 μονομέρης
692 4427 796 4502 1ντυχία
806 4433 872 4497 Lydi
893 4430 961 4494 (vide
974 4450 1000 4498 p.
1012 4433 1064 4483 638
1080 4449 1105 4483 n.
1114 4433 1140 4494 3)
1154 4434 1245 4484 eadem
1258 4448 1312 4483 essa
1326 4440 1419 4497 potest.

65 4531 121 4581 llla
146 4528 212 4593 quid
231 4527 358 4592 significet
371 4525 657 4591 disputatWiedingius
676 4523 722 4575 der
735 4523 931 4591 justitiariisclre
945 4521 1132 4593 Libellproceea
1150 4542 1176 4591 p.
1193 4527 1255 4576 197.
1270 4527 1331 4577 209.
1363 4527 1419 4576 Hoc

63 4623 191 4672 edictum
211 4635 268 4669 rum
287 4619 402 4684 requirat
422 4619 490 4683 quod
510 4617 621 4681 simplici
639 4617 807 4682 postulationi
827 4625 973 4682 opponatur
992 4625 1016 4667 et
1036 4635 1094 4668 vere
1114 4625 1215 4683 praeter
1232 4619 1299 4668 hanc
1312 4619 1419 4668 alteram

63 4713 279 4782 postulationem
300 4711 408 4772 habeat,
434 4709 531 4759 scilicet
549 4710 759 4774 comprehensam
780 4725 858 4759 eausa
877 4710 903 4759 in
923 4712 1040 4774 urguenti
1065 4711 1191 4771 finienda,
1218 4711 1355 4762 verisimile
1381 4717 1420 4760 eat

67 4809 144 4858 banc
170 4805 369 4871 postulationem
389 4803 498 4867 simplici
518 4803 623 4866 opponi.

135 4898 164 4958 ¹)
188 4897 217 4946 O.
231 4897 280 4948 Tb.
303 4897 328 4956 2,
349 4897 375 4956 4,
396 4897 421 4944 2.
460 4894 750 4957 Bethmann·Hollweg
769 4893 785 4942 l.
800 4909 822 4941 c.
844 4893 858 4942 3
879 4909 903 4958 p.
920 4894 981 4944 235.

130 4989 162 5051 ²)
184 4987 476 5051 Betbmann-llollweg
499 4981 666 5052 Civilpreccss
686 4987 701 5036 3
721 5002 747 5050 p.
762 4985 824 5036 235.

128 5081 160 5142 ²)
189 5076 389 5129 Contradictorii
407 5076 489 5128 libelli
506 5085 680 5128 memorantur
700 5080 725 5127 in
746 5079 927 5128 constitutione
947 5092 971 5128 a.
986 5079 1040 5128 400
1064 5076 1104 5140 (C.
1119 5078 1169 5128 Tb.
1190 5079 1215 5139 2,
1236 5079 1277 5140 14,
1295 5077 1334 5140 1),
1360 5095 1420 5126 nar·

61 5175 203 5225 rationem
216 5171 379 5240 propositam
398 5179 422 5222 et
441 5169 661 5222 contradictionem
681 5167 800 5222 obiectam
821 5170 897 5220 habet
916 5171 967 5220 alia
987 5184 1010 5220 a.
1026 5169 1078 5222 530
1099 5168 1139 5233 (C.
1153 5171 1217 5221 luat.
1232 5171 1258 5233 3,
1280 5173 1303 5232 1,
1325 5172 1367 5233 14,
1382 5170 1418 5232 4)-
