3574 5942
453 423 757 479 oasaavurromrs
777 425 1068 480 amensamens.
1364 415 1433 484 119

138 595 253 655 Cohors
275 595 400 674 igitan
422 598 538 656 urbana
559 606 635 656 teste
657 597 746 658 titulo
765 599 830 658 n.5
853 598 963 659 Flavia
981 600 1048 673 tuit,
1071 600 1101 659 id
1124 611 1171 660 est
1192 604 1328 664 instituta
1342 607 1436 684 impe·

102 699 227 760 rantibus
251 697 384 772 Flauiis,
411 717 538 776 cumque
560 707 636 758 teste
658 701 746 760 titulo
768 701 832 760 n.3
861 703 921 760 ism
949 721 976 761 a.
993 702 1031 760 73
1058 704 1204 778 extiterit,
1227 705 1434 784 Vespasianus

102 819 213 862 necesse
236 808 285 860 est
306 819 372 860 eam
388 800 504 860 crearit.
540 801 620 861 Ilum
636 820 702 862 cum
717 821 757 862 ex
772 821 872 863 rernm
887 805 1033 863 memoria
1048 813 1163 865 constet
1177 807 1295 868 devicto
1311 810 1433 869 Vitellio

102 905 231 964 cohortes
254 911 317 963 tam
339 905 508 978 praetorias
530 921 620 980 quarn
642 905 773 964 urbanas
800 905 838 964 ab
863 906 920 964 hoo
947 907 1133 983 conscriptas
1161 920 1377 972 exauctorasse
1403 921 1434 972 et

102 1017 185 1066 totum
207 1005 267 1065 hoo
289 1005 417 1064 militnm
439 1021 533 1082 genus
557 1024 636 1066 nova
657 1007 773 1066 ratione
796 1005 1033 1083 ordinavisse¹),
1060 1011 1125 1069 eius
1147 1013 1345 1073 ordinationis
1368 1016 1433 1074 sine

102 1109 180 1170 dubio
202 1126 277 1188 pars
298 1107 355 1167 luit
375 1107 516 1167 cohorsl
537 1108 575 1166 ab
597 1126 633 1168 eo
654 1110 801 1168 instituta.
841 1110 989 1170 Mansisse
1012 1130 1076 1170 eam
1099 1122 1179 1174 certe
1201 1114 1238 1173 ad
1255 1115 1366 1175 saeculi
1382 1116 1432 1175 Ill

101 1213 207 1272 initium
222 1210 375 1288 colligitur
389 1228 428 1269 ex
444 1211 532 1270 titulo
546 1230 576 1270 n.
589 1209 618 1282 2,
642 1211 692 1270 ubi
709 1215 887 1290 cognomine
902 1213 996 1272 utitur
1009 1215 1240 1276 Antoninianae.
1258 1249 1296 1260 -
1321 1216 1431 1277 Castra

101 1315 142 1373 ubi
162 1314 302 1374 habuerit
327 1312 353 1371 si
375 1312 563 1389 quaerimus,
589 1319 677 1373 extra
698 1312 825 1371 Romam
848 1332 884 1371 ea
909 1313 1002 1372 fuisse
1029 1315 1097 1373 inde
1124 1319 1318 1396 intellegitur,
1347 1321 1429 1396 quod

100 1417 200 1476 tribuni
222 1414 343 1492 quidem
366 1425 397 1474 et
417 1415 560 1488 veterani,
584 1413 637 1474 sed
659 1433 697 1473 ne
720 1433 795 1474 nnus
810 1415 930 1490 quidem
945 1415 1049 1476 militis
1065 1418 1130 1476 eius
1151 1420 1257 1480 titulus
1273 1422 1315 1481 ibi
1329 1441 1428 1498 reper-

99 1526 221 1579 tuaest.
271 1517 368 1576 Immo
395 1516 505 1575 indicia
530 1516 592 1575 alia
613 1515 814 1593 Lugudunum
840 1517 967 1590 ducunt,
993 1519 1055 1577 alia
1077 1518 1299 1600 Carthaginem.
1347 1523 1427 1582 Nam

97 1620 247 1698 Luguduni
269 1619 383 1696 prodiit
403 1618 509 1678 titulus
531 1617 636 1677 militis
659 1637 688 1677 n.
703 1618 739 1689 5,
768 1621 878 1696 quique
904 1630 1125 1681 monumentum
1153 1624 1209 1683 sibi
1235 1625 1307 1684 lecit
1332 1643 1427 1703 prope

97 1723 244 1784 Genavam
264 1721 296 1780 in
310 1719 467 1798 provincia
479 1717 673 1780 Narbonensi
692 1731 829 1780 extrema
849 1726 984 1780 centurio
1005 1743 1034 1781 n.
1051 1724 1080 1796 ³,
1102 1725 1130 1784 is
1144 1727 1210 1802 ipse
1223 1729 1266 1786 ait
1280 1729 1427 1786 meruisse

97 1844 124 1885 se
144 1825 197 1884 snb
220 1823 329 1902 legatis
344 1823 485 1902 Augusti,
507 1823 679 1899 provinciae
694 1823 808 1882 scilicet
823 1823 980 1900 proximae
994 1822 1275 1903 Lugudunensist).
1299 1826 1425 1888 Cartha-

96 1929 156 2005 gine
177 1935 278 1986 antem
300 1925 478 2002 prodierunt
498 1925 578 1983 tituli
600 1925 659 1982 duo
681 1943 710 1983 n.
727 1924 755 1984 8.
773 1925 801 1996 9,
823 1925 854 1983 in
869 1923 1014 1984 Numidia
1033 1945 1062 1986 n.
1076 1929 1103 1986 7.
1124 1930 1171 2001 10,
1193 1931 1222 1988 in
1238 1931 1425 1990 Mauretania

97 2051 121 2088 n.
133 2031 161 2088 4.
196 2027 321 2088 Accedit
336 2026 416 2106 quod
431 2026 490 2086 duo
512 2025 624 2086 milites
646 2025 709 2086 n.6
732 2026 822 2086 domo
837 2025 985 2086 Cirtensis
1008 2037 1037 2086 et
1059 2031 1119 2088 n.4
1142 2033 1317 2110 cognomine
1338 2043 1423 2092 utens

96 2131 200 2192 Punico
222 2131 370 2208 originem
396 2149 468 2207 prae
491 2147 524 2190 se
548 2128 648 2188 ierunt
670 2129 858 2201 Africanam3
887 2136 1001 2189 mature
1030 2132 1107 2190 eninr
1134 2133 1164 2192 iu
1191 2135 1346 2210 provincia
1372 2137 1423 2210 qui

96 2243 234 2293 mererent
255 2253 295 2292 ex
317 2233 386 2310 ipsa
407 2232 514 2290 delecti
536 2240 619 2302 sunt;
642 2231 711 2290 item
735 2231 816 2308 quod
831 2231 963 2290 veterani
985 2251 1013 2289 n.
1031 2233 1048 2292 9
1065 2242 1094 2292 et
1111 2233 1147 2292 12
1164 2245 1234 2310 post
1248 2237 1421 2295 missionem

96 2336 238 2394 lladanris
259 2334 307 2393 rel
329 2331 513 2410 Carthagine
539 2333 630 2391 vitam
658 2340 835 2410 exegerunt,
861 2351 930 2392 nam
958 2349 1173 2410 saepenumero
1195 2339 1326 2397 veterani
1352 2347 1422 2416 post

95 2439 257 2498 missionem
280 2437 311 2494 in
335 2436 491 2512 provincia
512 2435 562 2494 ubi
584 2434 749 2494 militarunt
770 2435 871 2494 sedem
894 2435 1111 2496 stabiliverunt.

129 2537 215 2599 Cadit
236 2539 328 2616 igitur
348 2539 379 2596 in
402 2537 555 2597 cohortem
577 2537 703 2612 primam
719 2537 864 2597 urbanam
878 2537 909 2595 id
924 2537 1031 2615 ipsum,
1053 2540 1135 2615 quod
1150 2541 1185 2599 de
1200 2541 1289 2602 tertia
1304 2542 1419 2603 decima

93 2643 199 2701 urbana
218 2641 332 2718 pariter
346 2646 540 2698 monumenta
554 2647 745 2715 aperuerunt.
779 2639 855 2699 Earn
871 2640 1032 2700 enimcum
1047 2641 1118 2701 olim
1133 2643 1419 2705 demonstravissem

93 2762 144 2802 non
157 2743 272 2803 Romae
293 2742 452 2812 meruisse,
475 2741 529 2800 sed
541 2740 715 2820 Luguduni,
737 2741 785 2799 ubi
808 2759 868 2802 non
882 2743 982 2810 minus
997 2744 1099 2803 decem
1114 2744 1229 2820 lapides
1244 2749 1416 2807 memoriam

93 2847 148 2904 eins
173 2843 384 2919 manarunt⁸),
417 2852 522 2919 postea
547 2843 680 2902 eiusdem
708 2843 840 2902 cohortis
866 2845 993 2903 militnm
1020 2847 1109 2904 trium
1143 2846 1222 2906 tituli
1252 2851 1283 2908 in
1309 2849 1417 2908 Africa

93 2947 269 3024 prodierunt,
291 2946 351 3005 duo
375 2944 572 3022 Carthagine,
594 2945 699 3003 tertius
722 2945 869 3021 Mnsti⁴),
896 2963 1021 3022 quorum
1044 2965 1120 3007 unus
1144 2950 1273 3027 scriptus
1295 2957 1341 3009 est
1361 2951 1415 3009 iru-

91 3059 203 3127 perante
223 3047 400 3108 Domitiano
423 3064 518 3123 neque
540 3046 578 3105 ab
599 3064 636 3105 ea
657 3053 755 3106 aetate
777 3047 836 3107 duo
858 3047 910 3108 alii
932 3049 1101 3108 abhorrent.
1145 3049 1216 3112 Non
1239 3054 1304 3112 sine
1324 3070 1416 3113 causa

91 3153 172 3229 igitur
192 3151 411 3210 Wilmsnnsins
433 3167 501 3209 eam
523 3149 650 3208 coniecit
672 3149 728 3208 snb
749 3147 864 3209 Flaviis
887 3157 987 3210 castra
1008 3150 1149 3213 hahuisse
1171 3151 1362 3232 Carthagine.

126 3253 330 3331 Vespasianus
356 3253 450 3331 igitur
475 3271 541 3310 curn
569 3251 708 3311 cohortes
736 3252 867 3311 urbanas
895 3252 992 3312 denuo
1025 3253 1191 3327 ordinaret,
1223 3275 1282 3314 non
1315 3255 1412 3315 solum

91 3356 162 3414 urbis
183 3355 298 3415 Romae
319 3373 422 3413 curam
443 3354 516 3432 egit,
544 3352 597 3412 sed
619 3353 709 3413 etiam
731 3352 891 3430 Luguduni
913 3363 943 3413 et
965 3351 1170 3434 Carthaginis,
1196 3357 1227 3415 in
1249 3357 1304 3416 illa
1326 3367 1410 3416 vetus

90 3457 242 3517 institutum
275 3466 396 3516 secutus
429 3456 511 3531 (nam
546 3472 630 3514 snam
658 3456 809 3514 cohortem
837 3454 1076 3532 Lugudunenses
1110 3458 1158 3516 vel
1190 3461 1246 3519 sub
1272 3461 1412 3536 Augusto

91 3559 274 3636 habuerunt),
301 3557 371 3617 hnic
392 3566 536 3634 quantum
559 3555 646 3615 nobis
669 3565 786 3615 constat
806 3565 868 3616 tum
890 3559 1019 3633 primum
1049 3558 1187 3620 similiter
1212 3562 1408 3638 prospiciens.

92 3659 198 3720 Scilicet
217 3661 292 3720 duas
315 3660 456 3721 cohortes
478 3658 624 3731 urbanas,
652 3657 779 3734 primam
801 3669 831 3720 et
852 3661 970 3719 tertiam
993 3659 1137 3722 decimam
1160 3681 1219 3722 non
1245 3681 1313 3722 cum
1339 3663 1410 3721 reli·

142 3893 166 3959 ¹)
183 3897 250 3948 Vide
268 3913 335 3962 quae
354 3911 437 3963 nuper
455 3897 563 3962 exposui
582 3897 609 3946 in
628 3897 741 3947 Hermas
760 3897 811 3947 vol.
828 3895 861 3946 16
880 3912 905 3963 p.
921 3897 983 3948 647.

139 3985 163 4050 ²)
181 3989 305 4054 Borghesi
324 3987 462 4041 Bullettr'no
481 3981 543 4040 dett·
563 3985 628 4038 last.
651 3989 721 4039 1844
740 4003 765 4053 p.
782 3988 831 4040 127
854 4007 888 4032 =
908 4005 967 4054 opp.
986 3991 1010 4051 7,
1031 3991 1094 4041 452.
1136 3991 1305 4042 ct.1termae
1324 3993 1406 4044 vol.3

89 4083 181 4144 pist.
208 4082 378 4148 Pririleginm
397 4089 577 4132 veteranorum
595 4081 742 4146 nuperrime
762 4089 890 4146 repertum
909 4081 936 4131 in
951 4081 1089 4135 Pannonia
1107 4085 1196 4148 (supra
1213 4101 1238 4149 p.
1253 4083 1299 4147 93)
1319 4085 1407 4135 docnit

89 4173 114 4222 C.
132 4173 274 4228 Cornelium
294 4174 459 4228 Gallicanum
477 4173 560 4224 fasces
579 4173 691 4224 tenuisse
710 4187 761 4223 non
781 4186 805 4224 a.
820 4174 868 4235 85,
891 4180 920 4222 ut
942 4173 1026 4225 adhuc
1051 4174 1232 4238 credebamus,
1257 4176 1303 4226 sed
1326 4191 1350 4226 a.
1369 4178 1405 4226 84

88 4263 125 4316 tie
142 4265 208 4332 sept
221 4267 247 4319 ³.

137 4355 162 4418 ⁸)
180 4359 274 4411 Arsacis*
292 4353 356 4410 dell'
377 4355 495 4408 Instituta
517 4357 587 4409 1853
607 4373 632 4423 p.
648 4359 691 4408 74.
734 4357 897 4420 Titulorum,
927 4373 991 4423 quos
1010 4360 1156 4423 composuit
1172 4359 1291 4410 Boissieu
1310 4375 1335 4424 p.
1350 4359 1406 4411 354

90 4463 144 4513 seq..
163 4465 214 4502 earn
233 4453 322 4518 plnres
341 4452 380 4501 its
397 4450 539 4516 comparati
558 4450 618 4512 sint,
638 4449 757 4500 utnulla
776 4450 854 4500 rnodo
867 4451 953 4516 primo
972 4467 997 4516 p.
1009 4450 1071 4502 Chr.
1091 4452 1195 4502 saeculo
1209 4450 1286 4501 tribni
1300 4459 1404 4517 queant,

89 4541 190 4590 maddit
209 4545 279 4609 qnod
297 4543 491 4608 lIsrquartltius
510 4539 673 4592 Stactaaesm.
695 4543 711 4591 2
734 4557 760 4606 p.
774 4543 827 4593 46¹!
851 4543 939 4608 posuit
961 4543 1043 4608 magis
1067 4557 1143 4609 quam
1168 4543 1288 4608 probarit
1311 4542 1402 4594 cohor·

88 4641 133 4680 ten
144 4632 207 4686 XIII
225 4636 294 4686 eirca
311 4635 420 4686 Traiani
439 4641 557 4700 tempora
576 4648 631 4684 esse
650 4633 765 4683 desiisse.
797 4632 876 4694 Quod
895 4635 922 4684 in
941 4635 1064 4684 missione
1083 4649 1106 4684 a.
1122 4635 1174 4685 216
1195 4634 1265 4685 solae
1284 4635 1404 4686 cohortes

88 4723 188 4776 urbam
203 4727 238 4778 X.
256 4727 308 4778 xl.
327 4726 393 4778 XII.
411 4726 496 4777 XIIII
514 4726 680 4776 nominantur
698 4725 800 4776 omissis
818 4725 833 4775 1
853 4733 878 4774 et
891 4726 973 4788 XIII,
994 4727 1056 4776 satis
1075 4725 1136 4776 inde
1155 4727 1311 4791 explicatur,
1332 4727 1402 4791 quod

89 4815 131 4866 las
147 4823 215 4868 extra
231 4819 321 4870 urbem
341 4826 428 4869 castra
445 4818 598 4870 habuerunt.

137 4905 162 4968 ⁴)
180 4907 302 4973 CVIII,
327 4911 408 4961 1025.
429 4911 509 4962 1026.
532 4911 611 4962 lass.
648 4910 681 4972 Q.
701 4909 772 4960 Aelii
791 4910 874 4961 Primi
893 4908 1000 4972 arridetis)
1020 4908 1074 4960 coit.
1089 4905 1181 4960 XIIII
1197 4906 1329 4971 urb(aace)
1349 4910 1402 4960 elo·

87 4997 149 5060 pun
167 5001 256 5064 prodiit
268 5003 296 5054 in
309 5003 446 5067 proviaciis
457 5003 634 5068 proconsulari
649 5002 683 5054 ad
695 5001 813 5054 Avittam
827 5001 936 5053 Ribbam
956 5001 1088 5062 (Poinssot
1099 4999 1170 5052 Ball.
1185 4993 1290 5050 sl'Oraa
1308 5002 1398 5052 lasch

88 5101 110 5152 p.
123 5089 190 5152 310).
