3628 5954
368 449 415 518 68
804 469 1079 522 annmsnauns
1107 469 1188 522 vor..
1209 470 1252 521 111
1585 471 1704 521 ras-rac

367 642 464 700 vincia
485 643 661 715 insularum,
686 662 765 720 quae
780 644 954 703 dioeceseos
971 644 1106 702 Asianae
1121 650 1217 715 esset3
1240 643 1359 702 adeam
1376 644 1455 702 enim
1470 648 1547 702 teste
1562 641 1705 701 Hierocle

367 761 391 800 e.
409 741 448 802 29
469 745 606 802 redactae
627 756 697 804 sunt
712 741 859 822 Cyclades
881 745 1051 820 pleraeque,
1074 745 1104 803 in
1121 746 1167 802 his
1183 743 1326 822 siphum,
1341 746 1474 817 Andrus,
1490 743 1604 804 Tenus.
1629 741 1705 812 ,sed

368 843 464 903 Delus
487 845 535 903 rel
557 864 593 902 ea
615 854 711 905 aetate
735 864 802 904 cum
825 846 942 904 Achaia
968 847 1093 918 mansit,
1119 847 1297 922 fueruntque
1323 865 1359 903 eo
1386 856 1520 924 tempore
1550 846 1606 904 sub
1633 863 1703 921 pro-

367 947 491 1005 consule
513 947 616 1005 eodem
639 948 729 1006 etiam
745 945 856 1024 Scyrus
872 957 902 1008 et
916 946 1059 1019 Lemnus,
1082 946 1245 1024 aliquando
1260 946 1464 1019 Macedoniae,
1487 949 1557 1006 item
1573 947 1704 1017 Imbrus‚

367 1048 530 1123 aliquando
546 1047 694 1108 Thraciae
702 1069 711 1120 ;
734 1049 818 1126 ipsae
842 1069 904 1121 eae,
926 1066 1002 1125 quas
1026 1067 1086 1108 una
1107 1068 1174 1109 eum
1190 1048 1268 1108 Delo
1282 1048 1412 1108 Romani
1434 1048 1560 1108 devictis
1582 1050 1704 1127 regibus

367 1149 561 1207 Macedoniae
578 1151 814 1209 Atheniensibus
829 1151 978 1210 donarant
1001 1150 1080 1227 (Lir.
1098 1151 1148 1222 33,
1164 1151 1226 1227 30).
1262 1150 1402 1210 Amissus
1418 1162 1525 1228 postea
1541 1150 1705 1209 Athenien-

366 1251 449 1310 sibus
468 1250 637 1310 reddidisse
651 1251 768 1310 videtur
783 1253 852 1329 imp.
868 1250 1034 1322 Constans;
1057 1270 1124 1309 nam
1140 1253 1198 1310 huc
1213 1251 1327 1310 videtur
1341 1253 1489 1327 pertinere
1505 1251 1586 1329 quod
1600 1261 1705 1309 narrat

366 1350 525 1430 Eunapius
548 1354 584 1411 de
598 1353 777 1413 Proaeresio
800 1355 937 1430 sophista
958 1373 987 1431 p.
1001 1354 1041 1413 90
1063 1353 1179 1412 Boias:
1206 1347 1221 1410 6
1244 1342 1275 1409 δὲ
1296 1340 1383 1431 ᾔτησε
1405 1349 1506 1425 νήσους
1527 1349 1579 1412 οὐκ
1601 1345 1705 1430 ὀλίγας
1757 1330 1761 1340 ¹

367 1441 432 1509 aridi
454 1449 555 1537 μικράς
576 1454 616 1517 εἷς
636 1450 802 1533 ἀπαγωγήν
824 1447 914 1538 φέρου
937 1447 1013 1513 κατὰ
1035 1446 1188 1536 serapiacae
1210 1457 1273 1518 ταῖς
1289 1445 1449 1526 Ἀθήναις·
1473 1441 1531 1512 ddi
1558 1453 1703 1530 (impera-

365 1555 427 1629 tor)
454 1557 547 1613 ταῦτα
574 1551 670 1614 ἔδωκε.
726 1556 892 1634 Propterea
921 1559 1028 1634 opinor
1053 1558 1085 1616 in
1111 1575 1190 1616 nova
1216 1557 1435 1635 provinciarum
1469 1556 1615 1616 divisione
1647 1557 1705 1613 hoe

366 1657 603 1716 Atheniensibus
625 1657 726 1718 datum
750 1669 809 1732 est,
837 1666 870 1716 ut
891 1658 1008 1720 insulae
1029 1678 1132 1718 eorum
1155 1659 1248 1719 eidem
1272 1659 1403 1737 praesidi
1425 1668 1514 1735 atque
1535 1658 1593 1736 ipsi
1615 1675 1704 1735 pare·

365 1766 440 1818 rent.
477 1759 590 1819 Delum
611 1760 703 1837 igitur
724 1760 889 1820 verisimile
910 1769 956 1820 est
976 1761 1060 1820 nullo
1079 1771 1212 1840 tempore
1228 1761 1285 1820 sub
1300 1761 1479 1837 proconsule
1494 1760 1586 1820 Asiae
1601 1759 1704 1819 luisse.

367 2131 430 2194 185
457 2135 567 2195 litteris
595 2153 671 2195 saec.
695 2135 757 2194 fere
772 2089 841 2195 vll.
885 2136 957 2195 Deli
978 2155 1041 2215 rep.
1065 2155 1092 2196 a.
1111 2135 1189 2196 1879
1213 2137 1250 2196 ad
1273 2143 1436 2196 extremam
1458 2137 1608 2214 porticum
1631 2135 1703 2194 Phi·

370 2294 374 2300 .
408 2236 492 2315 lippi.
1370 2327 1372 2330 Ι

768 2663 894 2714 laton
928 2665 1144 2713 saanstou
1178 2664 1303 2711 rator

831 2766 928 2807 ῊοΝ
972 2766 1238 2809 ΑΝΘΥΡΑτοΝ

907 2867 1170 2910 ΡΩΜΑΙΩΝ
1201 2871 1221 2880 ·“

369 3006 511 3066 Homolle
532 3007 615 3067 Ball.
639 3010 673 3067 de
693 3026 766 3069 corr.
784 3009 850 3067 bell.
868 3008 885 3067 6
909 3006 1019 3084 (1882)
1043 3027 1071 3085 p.
1089 3007 1158 3067 608.

409 3108 580 3168 Homollius
607 3110 722 3168 confort
747 3110 906 3186 epistulam
934 3109 1059 3170 relatam
1086 3109 1164 3187 apud
1187 3108 1348 3186 Iosephum
1370 3113 1431 3166 ant.
1451 3107 1498 3178 14,
1524 3106 1571 3178 10,
1591 3104 1633 3164 20
1659 3106 1708 3164 sic

367 3213 556 3287 inscriptam:
578 3201 737 3269 tardaretur
759 3200 901 3291 ἄρχοντες
914 3203 989 3287 Γαίῳ
1009 3201 1148 3287 Ῥαβιλῖῳ
1170 3202 1256 3268 Γαίου
1279 3208 1332 3286 υἱῷ
1351 3202 1454 3286 ducitur
1478 3201 1602 3290 χαίρειν,
1624 3213 1706 3264 recte

370 3319 399 3370 et
420 3313 549 3391 egregie,
572 3313 743 3389 erravitque
765 3313 886 3372 omnino
909 3312 1081 3374 Ludouieus
1095 3311 1309 3374 Mendelssohn
1331 3310 1403 3387 (act.
1423 3327 1483 3370 soc.
1499 3308 1585 3386 Lips.
1607 3308 1705 3368 vol.5

368 3434 398 3491 p.
412 3412 486 3489 217)
503 3433 650 3492 reponens
665 3415 707 3474 ibi
720 3405 835 3490 Ποπλίῳ
851 3409 1001 3498 asportetur
1017 3405 1143 3471 Ποπλιόυ
1166 3413 1225 3490 cipi.
1261 3414 1297 3471 In
1313 3431 1349 3471 ea
1363 3411 1493 3490 epistula
1508 3429 1574 3498 cum
1591 3411 1705 3468 mentio

364 3516 422 3574 fiat
441 3510 578 3596 Ὑρκανοῦ
598 3518 650 3573 τοῦ
670 3505 835 3597 ἀρχιερέως,
858 3516 939 3591 quod
957 3515 1156 3575 sacerdotium
1178 3514 1263 3593 regni
1285 3516 1382 3575 instar
1401 3513 1439 3571 ab
1462 3530 1488 3572 a.
1506 3511 1563 3571 691
1588 3511 1627 3569 ad
1642 3511 1705 3570 714

369 3616 502 3700 duravit,
527 3616 663 3676 ducimur
684 3618 728 3675 ita
753 3617 791 3674 ad
814 3627 939 3677 aetatem
963 3615 1202 3677 Ciceronianam.
1246 3615 1419 3675 Homollius
1444 3613 1476 3672 id
1502 3613 1632 3690 spatium
1659 3631 1705 3670 re

369 3714 518 3795 stringens
546 3720 582 3778 ad
610 3739 637 3778 a.
659 3717 826 3778 too-711
850 3719 1092 3796 proconsulatum
1116 3719 1232 3778 Rabirii
1259 3717 1350 3777 refert
1378 3715 1416 3774 ad
1441 3735 1469 3774 a.
1492 3722 1544 3774 ant
1566 3714 1626 3773 too
1653 3724 1707 3773 aut

368 3819 440 3893 709,
462 3820 604 3896 quoniam
627 3839 730 3880 eorum
753 3820 806 3879 alii
827 3822 1021 3898 proconsules
1043 3821 1119 3881 nulli
1139 3821 1342 3880 innotuerunt.

369 4191 435 4256 186
457 4214 511 4255 ara
532 4201 636 4256 ornata
657 4198 806 4258 bueraniis
828 4199 916 4258 sertis
938 4199 1057 4260 taeniis.
1099 4199 1175 4260 Eam
1198 4219 1237 4259 ex
1252 4197 1330 4258 Delo
1353 4196 1484 4256 adlatam
1505 4211 1574 4255 esse
1596 4195 1707 4255 conicit

410 4297 590 4358 Mrcmrms
613 4299 816 4375 probabiliter.
861 4301 974 4360 Oxonii
995 4303 1027 4362 in
1049 4319 1154 4362 museo
1176 4321 1205 4360 n.
1222 4300 1293 4360 209.

728 4472 897 4526 anttl
927 4474 946 4520 C
971 4475 988 4516 F
1014 4474 1196 4520 tsuvtns
1224 4473 1348 4517 SALVE

985 4577 1091 4622 Masta

728 4675 842 4719 ΚΟΙΝΤΕ
863 4675 1008 4740 aottnata
1030 4679 1119 4724 ΓΑΙΟΥ
1141 4679 1194 4720 tls
1217 4677 1348 4722 somata
1402 4715 1406 4722 .

901 4779 1038 4822 ΧΡΗΣΤΕ
1067 4780 1172 4824 xatas

368 4915 541 4997 Descripsit
565 4917 638 4976 mihi
662 4919 828 4979 Michaelis.
893 4919 1046 4979 Prideaux
1074 4939 1178 4980 marm.
1212 4919 1312 4981 Oxou.
1339 4917 1416 4993 286,
1444 4919 1519 4990 1503
1557 4917 1708 4977 Maittaire

362 5037 476 5077 marm.
499 5020 655 5079 hrundell.
678 5021 733 5094 33,
759 5022 796 5079 41
827 5021 864 5080 cl.
888 5040 917 5097 p.
935 5021 971 5080 51
999 5030 1029 5080 et
1055 5042 1083 5099 p.
1101 5022 1176 5093 5603
1210 5020 1361 5081 Chaudler
1383 5040 1487 5082 marm.
1506 5018 1610 5080 Oxon.
1634 5039 1663 5078 n.
1680 5019 1707 5074 7.

370 5119 445 5178 Inde
468 5119 502 5180 C.
519 5121 541 5178 l.
558 5120 611 5181 Gr.
629 5121 711 5181 6894
734 5121 853 5182 Graeca
875 5122 955 5194 sola;
976 5123 1049 5181 haec
1071 5123 1137 5200 syll.
1159 5124 1236 5182 inter
1257 5125 1388 5184 urbanas
1409 5125 1469 5184 vol.
1481 5121 1526 5182 Vl
1546 5143 1577 5182 n.
1597 5118 1706 5178 ltoot.
1803 5189 1804 5196 ἵ
