3574 5942
348 375 420 445 120
924 388 1106 441 nouusnn

1607 494 1680 505 -n-

346 568 415 645 quis
438 568 468 626 in
489 567 562 625 urbe
585 564 754 636 collocavit,
776 563 829 622 sed
850 563 881 622 in
898 560 1002 623 Gallia
1022 571 1052 621 et
1067 562 1179 634 Africa,
1201 561 1245 622 ita
1265 563 1403 634 fortasse,
1426 573 1460 620 ut
1481 563 1610 640 primam
1625 564 1688 624 Lu-

347 671 499 747 gudunnm
520 667 661 738 mitteret,
684 667 801 725 tertiam
824 665 968 724 decimam
984 663 1211 742 Carthaginem
1234 672 1314 723 certe
1336 681 1372 723 eo
1394 664 1506 724 ducunt
1527 666 1607 726 tituli
1626 667 1686 727 duo

348 771 459 832 saeculi
485 770 573 845 primi
600 769 738 829 exeuntis
768 765 956 827 Genarensis
984 784 1076 844 supra
1101 769 1170 826 n.3
1198 767 1331 825 cohortis
1356 765 1471 841 primae
1502 776 1533 826 et
1559 768 1687 830 Cartha-

347 873 490 950 giniensis
513 871 644 931 cohortis
667 870 772 929 tertiae
796 869 937 928 decimae.
975 868 1040 928 Eae
1063 869 1170 929 deinde
1192 866 1294 927 sedem
1316 869 1359 926 ita
1379 868 1518 929 videntur
1540 879 1687 944 mutasse,

347 985 381 1033 ut
407 974 539 1035 secundo
568 974 714 1049 tertioque
743 971 863 1030 saeculo
891 972 988 1049 prima
1018 971 1049 1029 in
1071 971 1177 1030 Africa
1203 971 1426 1048 praetenderet,
1456 972 1545 1031 tertia
1569 973 1688 1034 decima

347 1077 523 1154 Luguduni3
550 1075 581 1133 id
603 1076 682 1134 enim
710 1075 846 1152 flagitant
873 1075 1030 1150 utriusque
1056 1072 1228 1150 provinciae
1255 1072 1335 1132 tituli
1362 1074 1470 1134 aetatis
1495 1077 1687 1153 posterioris.

349 1213 387 1223 -
411 1177 574 1255 Prospexit
597 1187 695 1235 autem
711 1175 921 1252 Vespasianus
943 1176 1001 1234 hac
1023 1175 1147 1234 militiae
1162 1175 1324 1234 Africanae
1346 1176 1534 1237 ordinatione
1554 1179 1687 1238 fortasse

349 1299 408 1341 non
432 1289 491 1338 tam
515 1280 580 1338 urbi
603 1295 729 1354 magnae
751 1277 874 1337 Africae
896 1278 986 1354 capiti
1008 1277 1108 1354 ibique
1132 1277 1250 1353 degenti
1278 1278 1450 1352 proconsuli
1478 1299 1567 1356 quam
1596 1282 1687 1340 vecti-

349 1383 468 1460 galibus
497 1380 650 1440 Africanis
683 1380 987 1454 procuratoribueque
1020 1379 1094 1438 suis.
1149 1377 1269 1439 Scilicet
1301 1380 1473 1454 proconsuli
1505 1391 1608 1442 notum
1642 1392 1689 1442 est

349 1491 455 1561 postea
476 1501 595 1559 quoque
621 1492 736 1558 partem
764 1481 895 1557 aliquam
923 1481 1052 1558 legionis
1074 1479 1236 1539 Africanae
1262 1489 1383 1557 praesto
1409 1481 1561 1558 fuisse1),
1589 1503 1689 1560 neque

350 1585 512 1644 verisimile
539 1584 696 1661 imperium
726 1583 788 1642 eius
817 1582 847 1641 in
877 1582 987 1642 milites
1017 1601 1054 1642 ea
1085 1589 1182 1642 aetate
1216 1589 1335 1642 auctum
1368 1600 1445 1642 esee.
1504 1582 1565 1644 Sed
1596 1587 1690 1644 etiam

351 1686 512 1764 vectigalia
534 1685 681 1744 Africana
701 1703 761 1743 non
784 1685 849 1743 eine
870 1685 997 1744 militum
1019 1684 1169 1743 adiutorio
1191 1684 1402 1744 administrata
1427 1703 1495 1746 esse
1523 1695 1553 1746 et
1578 1699 1691 1763 sponte

350 1788 534 1864 intellegitur
559 1796 589 1847 et
614 1787 827 1846 confirmarunt
853 1786 912 1844 duo
939 1795 1132 1844 monumenta
1157 1805 1252 1862 nuper
1278 1795 1411 1862 reperta,
1444 1787 1548 1848 titulus
1576 1791 1615 1848 ad
1643 1789 1690 1850 Si-

352 1890 460 1948 mitthu
486 1889 617 1948 effossus
648 1888 755 1946 aetatis
784 1887 965 1946 Tiberianae
994 1887 1098 1947 militis
1126 1888 1256 1964 legionis
1282 1889 1458 1963 Africanae,
1485 1890 1535 1966 qui
1560 1909 1631 1950 cum
1660 1897 1691 1950 in

348 1993 498 2068 praesidio
526 2001 596 2050 estet
621 1993 651 2047 in
678 1991 755 2050 saltu
780 1991 1008 2060 Philomusiano,
1040 1989 1077 2047 ab
1106 1990 1184 2048 hoste
1209 1994 1240 2047 in
1261 2009 1365 2066 pugna
1391 1994 1499 2050 occisam
1530 1991 1626 2068 est2),
1661 2005 1692 2052 et

352 2093 482 2170 epistula
504 2110 595 2168 supra
616 2093 708 2150 citata
730 2093 902 2151 colonorum
918 2091 1171 2151 Burunitanorum
1190 2093 1270 2166 apud
1285 2090 1483 2152 Commodum
1497 2097 1692 2169 querentium

352 2194 389 2254 de
411 2203 619 2271 procuratore,
652 2194 732 2270 quod
754 2211 806 2252 eos
834 2202 975 2252 vexasset
999 2197 1093 2252 missis
1120 2193 1257 2252 militibus
1282 2197 1314 2252 in
1340 2194 1443 2253 calnam
1463 2196 1692 2258 Bur-unitandae.

354 2295 413 2369 Qui
436 2295 544 2354 milites
567 2295 687 2372 quinam
711 2305 822 2367 essent,
845 2295 942 2354 adhuc
962 2296 1189 2372 ignorabamus3
1212 2312 1281 2354 nam
1304 2296 1487 2374 legionarios
1509 2297 1576 2357 sine
1596 2299 1691 2358 dnbio

353 2417 478 2456 numero
500 2415 612 2472 paucos
636 2397 674 2455 ad
696 2397 826 2456 officium
848 2397 1037 2474 proconsulis
1059 2397 1169 2456 missos
1191 2400 1235 2455 eis
1258 2397 1385 2474 negotiis
1408 2399 1563 2460 suffecisse
1578 2402 1692 2477 proba-

354 2501 500 2558 bilitatem
523 2499 635 2558 nullam
657 2499 794 2558 habebat
844 2498 909 2556 lam
931 2517 1002 2557 vero
1024 2505 1185 2575 postquam
1211 2498 1386 2559 rescivimus
1413 2501 1566 2560 cohortem
1592 2503 1693 2562 milia·

354 2603 428 2659 riam
452 2599 635 2679 Carthagine
657 2601 758 2660 sedem
781 2600 935 2672 habuisse,
961 2601 1129 2676 quaestioni
1152 2600 1196 2658 illi
1219 2600 1361 2659 habemus
1384 2603 1610 2679 responsionem
1637 2625 1693 2682 pa·

355 2711 466 2775 ratam,
499 2719 594 2779 eoque
626 2703 721 2780 magis
755 2711 905 2779 paratam,
939 2703 1020 2778 quod
1051 2701 1165 2761 reditus
1198 2702 1331 2760 Africani
1368 2703 1533 2780 imperante
1564 2706 1694 2768 Nerone

355 2822 536 2882 magnopere
562 2813 719 2862 creverant
744 2811 773 2863 et
800 2803 990 2880 vectigalium
1017 2822 1118 2863 curam
1147 2804 1248 2863 nullus
1275 2805 1487 2882 imperatorum
1513 2807 1694 2886 diligentius

355 2907 416 2984 egit
437 2925 526 2984 quam
548 2905 766 2983 Vespasianus.
814 2906 977 2964 Praeterea
997 2923 1063 2964 cum
1085 2925 1125 2964 ex
1150 2906 1245 2965 titulis
1271 2906 1395 2966 militum
1425 2908 1693 2970 urbanicianorum

354 3009 386 3066 in
407 3008 514 3066 Africa
541 3008 668 3083 repertis
695 3007 745 3067 alii
768 3004 949 3084 Carthagine
976 3007 1155 3082 prodierint,
1182 3007 1233 3066 alii
1261 3008 1352 3067 Musti
1381 3018 1412 3067 et
1433 3007 1535 3070 Siccae
1560 3011 1591 3069 in
1620 3031 1692 3088 pro·

355 3110 454 3169 vincia
476 3110 683 3185 proconsulari
706 3121 735 3168 et
758 3107 850 3170 Satafi
871 3110 902 3166 in
924 3109 1127 3180 Mauretania,
1161 3110 1252 3169 hosce
1278 3110 1388 3169 milites
1416 3111 1447 3170 in
1475 3120 1616 3190 promptu
1648 3121 1696 3173 est

355 3213 466 3270 missos
488 3228 556 3270 esse
578 3229 613 3268 eo
632 3211 672 3269 ad
686 3211 852 3272 custodiam
867 3210 994 3269 saltuum
1011 3207 1161 3270 Caesaris.
1199 3211 1338 3287 Denique
1354 3213 1435 3289 qnod
1451 3231 1544 3290 supra
1559 3215 1694 3275 uidimus

355 3313 385 3370 in
408 3321 597 3372 monumento
615 3311 853 3392 Carthaginiensi
875 3312 974 3372 nullos
995 3313 1130 3371 homines
1153 3313 1203 3389 qui
1227 3313 1346 3390 quidem
1366 3315 1467 3374 officia
1489 3317 1621 3374 habeant
1646 3336 1693 3376 se·

355 3414 454 3489 pnltos
470 3432 537 3472 esse
552 3414 611 3474 nisi
627 3415 729 3491 aliqua
742 3416 857 3474 ratione
872 3415 927 3472 sub
942 3422 1134 3490 procuratore
1146 3415 1334 3488 constitutos,
1346 3417 1405 3476 iam
1421 3426 1547 3494 apparet
1560 3419 1695 3478 fortasse

356 3516 445 3574 etiam
468 3515 506 3573 ad
527 3515 723 3592 legionarium
746 3517 880 3588 militem,
901 3525 981 3575 certe
1002 3515 1041 3574 ad
1062 3515 1185 3577 militem
1208 3519 1339 3576 cohortis
1354 3517 1370 3575 Ι
1386 3518 1517 3578 urbanae
1531 3522 1694 3597 pervenire

355 3619 433 3676 inter
453 3616 584 3693 reliquos
606 3618 715 3680 ibidem
737 3620 896 3696 sepultum.

415 3879 439 3942 ¹)
458 3881 605 3931 Hadrianus
617 3881 643 3930 in
658 3880 822 3930 adlocutione
834 3881 868 3930 ad
881 3881 1009 3946 legionem
1023 3880 1174 3932 Africanam
1195 3877 1235 3944 (C.
1251 3883 1326 3944 vm,
1344 3882 1425 3945 2532)
1442 3883 1510 3934 inter
1523 3885 1696 3937 difficultates

356 3971 465 4020 militiae
483 3970 533 4021 hoc
553 3987 654 4037 quoque
672 3973 758 4037 ponit,
779 3971 847 4038 quod
864 3969 975 4023 omnibns
994 3973 1069 4023 annia
1085 3988 1132 4039 per
1150 3975 1218 4024 vices
1236 3975 1264 4024 in
1283 3970 1391 4041 officium
1408 3971 1595 4042 pr[ocon]ndic
1613 3979 1695 4028 mitti-

356 4069 405 4112 iur.
444 4061 485 4112 Cf.
506 4060 665 4113 Stactarecbt
683 4065 698 4112 2
717 4080 743 4129 p.
758 4063 820 4114 252.

414 4151 439 4214 ²)
458 4155 525 4204 Eum
548 4155 675 4205 edidimus
701 4154 811 4206 Carolus
834 4156 922 4206 Tissot
947 4157 1016 4220 apud
1039 4157 1190 4206 Florianum
1210 4159 1342 4209 Vallentin
1370 4157 1483 4209 Bullatia
1506 4157 1696 4228 a‘pipruphiquc
1779 4217 1780 4220 Ἴ

357 4244 387 4295 dc
407 4245 434 4295 la
455 4243 535 4295 Gaulo
553 4247 633 4296 ιοΙ.Ι
653 4247 747 4309 (1881)
770 4262 796 4312 p.
810 4249 845 4298 99
866 4256 891 4296 et
909 4255 1042 4312 acceptum
1065 4249 1098 4298 ab
1119 4249 1209 4299 eodem
1229 4250 1342 4302 Tissotio
1362 4267 1410 4316 ego
1428 4251 1455 4301 in
1475 4251 1526 4302 hac
1544 4251 1657 4318 Epherrr.
1676 4255 1695 4304 4
1779 4307 1780 4310 ,

356 4353 382 4401 p.
394 4337 446 4387 537
466 4337 568 4389 adiecta
586 4339 805 4404 interpretatione.
