3574 5942
439 506 1039 562 ossnnvarrouusnrroaarnronn.
1345 483 1415 554 157

98 683 126 739 ad
148 681 335 756 magistratus
357 680 467 740 Italiae
495 682 710 758 praesidesque
738 681 967 757 provinciarum.
1010 679 1061 738 Ab
1087 679 1124 738 iis
1153 698 1219 738 cum
1250 677 1415 738 secundum

99 783 187 842 Diouis
206 782 308 842 locum
331 801 425 859 snpra
446 784 571 842 relatum
587 781 683 843 Gaius
706 783 893 854 abstinuerit,
915 781 1109 841 nihilominus
1130 790 1226 840 autem
1243 782 1345 839 statim
1367 796 1416 838 sa·

97 893 258 944 rumentum
281 906 337 962 per
352 885 524 944 universum
541 885 642 944 orbem
659 893 804 943 terrarum
818 884 987 944 Romanum
1008 884 1185 961 praestitum
1207 901 1273 941 csse
1295 882 1415 941 tabulae

98 1005 172 1064 supra
189 988 306 1046 relatae
327 985 489 1053 declarent,
512 987 683 1046 necessario
706 987 841 1063 sequitur
857 984 937 1046 Gaio
953 988 1132 1063 imperatore
1153 986 1232 1044 facto
1255 984 1284 1042 id
1308 993 1416 1061 sponte

97 1097 248 1164 susceptum
271 1107 354 1160 esse;
384 1089 414 1146 id
437 1089 518 1164 quod
544 1090 615 1147 item
637 1090 755 1166 egregie
776 1090 914 1146 convenit
938 1088 1074 1166 publicae
1102 1087 1249 1158 laetitiae,
1277 1105 1337 1163 qua
1362 1087 1416 1144 illa

97 1191 193 1267 imperii
219 1191 383 1249 translatio
405 1208 509 1250 omnes
531 1201 620 1250 antea
647 1201 790 1269 posteave
812 1190 906 1250 factas
928 1191 1016 1266 longe
1039 1189 1205 1265 superavit,
1234 1189 1271 1246 ab
1294 1188 1413 1264 aequali

96 1292 203 1350 Philone
232 1292 403 1352 luculenter
431 1302 570 1352 enarrata
596 1302 626 1352 et
651 1293 788 1352 similiter
808 1293 878 1350 item
901 1293 1057 1350 enuntiata
1082 1291 1112 1349 in
1142 1290 1268 1348 exordio
1295 1290 1415 1348 tabulae

96 1394 248 1452 basiorum.
292 1394 341 1454 Ita
362 1413 430 1454 cum
452 1395 610 1454 formulam
637 1393 851 1454 iurisiurandi
875 1411 933 1451 uon
960 1394 1100 1470 princeps
1122 1393 1256 1464 dictarit,
1287 1391 1341 1450 sed
1363 1391 1414 1467 qui

96 1504 300 1554 sacramentum
322 1496 398 1555 illud
419 1496 509 1574 primi
530 1497 753 1573 praestiterunt,
775 1497 806 1554 id
828 1503 882 1565 est,
906 1504 937 1553 ut
952 1495 995 1553 ait
1010 1495 1133 1553 Tacitus
1156 1494 1186 1553 in
1202 1494 1334 1566 Tiberio,
1356 1493 1414 1550 Ro·

96 1616 144 1654 nue
163 1599 291 1656 murales
314 1607 414 1675 potres
437 1617 533 1674 eques,
560 1598 591 1656 in
615 1595 693 1657 Gaio
716 1597 804 1657 t‘acile
829 1598 983 1656 immutari
1009 1596 1106 1674 potuit
1128 1606 1156 1654 et
1178 1596 1295 1672 augeri,
1323 1595 1415 1671 idque

95 1699 279 1759 semiactum
302 1717 370 1759 esse
385 1700 544 1758 verisimile
567 1709 622 1772 est,
645 1717 825 1776 quamquam
847 1708 928 1758 certo
949 1699 981 1756 id
1003 1698 1199 1758 demonstrari
1223 1717 1282 1756 non
1305 1702 1413 1773 potest,

94 1819 146 1858 cnm
166 1802 322 1862 sollemnis
345 1802 476 1861 formula
497 1802 675 1862 sacramenti
690 1802 787 1878 qualis
811 1801 902 1860 fuerit
923 1801 1084 1878 ignoretur.
1109 1833 1143 1844 -
1169 1801 1204 1858 ln
1227 1807 1414 1858 sacramento

94 1911 203 1978 anaqam
224 1904 440 1982 distinguenda
460 1914 531 1964 sunt
550 1905 719 1964 communia
745 1914 1014 1976 sacramentorum,
1040 1921 1244 1981 quaecumque
1267 1901 1358 1958 Aritii
1384 1909 1414 1958 et

94 2005 154 2062 Asai
178 2007 297 2080 publice
319 2007 526 2083 adigerentur,
556 2015 586 2065 et
613 2007 736 2083 propria
758 2006 935 2065 sacramenti
958 2005 1151 2081 imperatorii.
1196 2001 1342 2062 Clausala
1365 2020 1413 2061 sa-

93 2107 219 2165 cramenti
247 2117 309 2166 tam
332 2107 443 2167 Latina
463 2127 551 2184 quam
576 2106 695 2168 Graeca
720 2108 758 2166 ad
781 2107 951 2166 communia
977 2107 1123 2180 pertiuet;
1152 2106 1233 2164 illam
1262 2106 1332 2164 olim
1361 2105 1412 2162 ob·

93 2217 224 2266 senatum
248 2219 299 2268 est
318 2209 417 2269 redire
438 2211 468 2268 in
491 2210 650 2269 annalibus
672 2209 744 2269 belli
759 2209 951 2268 Hannibalici
963 2208 1001 2285 ¹),
1024 2210 1096 2267 haec
1118 2209 1224 2266 iisdem
1246 2208 1346 2266 verbis
1367 2226 1411 2265 re·

93 2309 188 2384 peritur
208 2311 238 2369 in
261 2311 358 2370 titulis
381 2312 450 2370 aliis
473 2309 598 2372 Graecis
608 2309 648 2387 ²).
692 2310 825 2370 Numina
847 2329 966 2387 quoque
987 2311 1156 2370 communia
1182 2319 1266 2382 sunt,
1294 2329 1330 2366 ea
1357 2308 1412 2365 sci·
1444 2357 1454 2374 ,

93 2409 150 2469 licet
169 2430 220 2487 per
234 2431 314 2488 quae
330 2413 493 2473 secundum
515 2413 603 2473 unius
624 2414 766 2490 cuiusque
783 2414 914 2473 civitatis
935 2413 1016 2489 leges
1039 2413 1159 2489 publice
1174 2412 1299 2470 iuratur.
1332 2409 1411 2468 Nam

93 2512 161 2586 quod
179 2515 269 2574 Assii'
292 2515 394 2574 iurant
419 2534 473 2592 per
499 2516 623 2574 numina
649 2534 704 2575 sua
730 2535 812 2574 more
837 2513 969 2587 Graeco,
999 2514 1137 2572 Lusitani
1166 2533 1248 2572 more
1275 2513 1412 2571 Romano

93 2615 225 2691 peregrini
249 2617 378 2694 utrique,
401 2617 433 2676 id
454 2636 520 2676 cum
542 2636 579 2676 eo
594 2619 783 2676 coniunctum
797 2627 853 2689 est,
876 2617 956 2693 quod
970 2616 1012 2673 illi
1031 2614 1149 2676 Graeca
1163 2617 1266 2693 lingua
1280 2625 1413 2685 utuntur,

92 2715 116 2771 hi
134 2714 238 2776 Latina
259 2726 291 2776 et
312 2721 435 2778 omnino
457 2721 537 2797 quod
558 2721 715 2799 imperium
739 2719 906 2777 Romanum
929 2737 988 2776 non
1012 2719 1055 2776 ita
1076 2726 1108 2774 ut
1130 2715 1250 2777 Graeca
1271 2719 1413 2776 barbaro·

92 2836 145 2874 rum
164 2837 285 2896 quoqne
307 2838 384 2897 quos
412 2822 513 2882 dicunt
538 2823 675 2881 instituta
700 2821 822 2898 publica
847 2820 967 2880 admisit
993 2833 1023 2879 et
1045 2837 1100 2878 sua
1123 2821 1310 2896 aliquatenus
1331 2821 1411 2878 fecit.

91 2915 185 2978 Gaiani
208 2924 391 2982 sacramenti
413 2924 538 3001 propria
560 2925 633 2983 baec
654 2942 714 2982 non
738 2932 815 2982 sunt.
850 2921 910 2982 Sed
931 2923 1028 2999 ipsum
1046 2922 1125 2998 quod
1147 2924 1263 2981 iuratur
1280 2924 1312 2981 in
1331 2931 1410 2981 utro·

90 3039 138 3094 qua
157 3023 356 3083 instrumento
378 3025 421 3083 ita
442 3025 531 3102 parili
548 3026 637 3086 modo
659 3025 802 3101 procedit,
825 3033 858 3083 ut
880 3033 980 3102 aperte
1002 3045 1039 3083 ex
1054 3025 1184 3083 formula
1201 3025 1329 3103 pendeat
1350 3034 1412 3084 tam

89 3119 231 3184 Lusitanis
252 3145 344 3202 qnam
362 3127 486 3186 Asianis
509 3148 547 3188 ex
562 3129 635 3186 urbe
656 3129 837 3186 transmissa
857 3136 887 3186 et
902 3125 972 3186 Gaii
995 3145 1087 3186 causa
1108 3135 1261 3205 concepta.
1300 3127 1411 3185 Potue-

89 3235 148 3282 runt
170 3228 294 3287 omnino
320 3229 412 3288 verba
438 3229 540 3288 cadem
571 3238 632 3289 tum
658 3230 796 3306 usurpari
823 3230 934 3306 quibus
960 3239 1029 3288 ante
1056 3227 1166 3288 Gaium
1193 3239 1223 3288 et
1248 3241 1317 3306 post
1344 3249 1410 3287 cum

90 3325 157 3386 eires
177 3329 347 3406 subditique
369 3331 600 3408 imperatoribus
623 3342 841 3392 sacramentum
869 3333 1096 3408 praestiterunt;
1123 3331 1175 3391 sed
1197 3332 1294 3409 magis
1317 3331 1411 3390 credi-

89 3427 169 3486 derim
190 3431 221 3489 in
246 3429 396 3492 Gaianam
419 3433 574 3510 proprium
591 3433 733 3510 quiddam
749 3434 819 3492 novi
834 3434 1023 3509 imperatoris
1039 3434 1169 3492 studium
1185 3433 1336 3503 intulisse;
1361 3451 1410 3490 ne·

89 3545 137 3604 que
157 3532 322 3592 verisimile
342 3535 373 3592 in
394 3537 487 3593 verba
507 3536 621 3594 Tiberii
645 3535 692 3594 vel
711 3535 835 3594 Traiani
858 3555 911 3612 per
935 3536 1103 3596 universum
1125 3536 1281 3612 imperium
1304 3535 1346 3592 ita
1367 3535 1411 3591 iu-

90 3641 172 3690 ratum
195 3653 275 3704 esse,
297 3643 331 3692 ut
352 3637 465 3694 amicos
487 3637 625 3696 hostesve
647 3655 750 3696 omnes
773 3639 830 3697 sibi
853 3638 916 3695 fore
932 3639 1111 3712 sponderent
1125 3638 1177 3713 qui
1192 3637 1295 3695 eodem
1311 3636 1410 3694 auimo

89 3732 113 3790 in
137 3735 300 3812 principem
322 3747 434 3796 essent.
483 3738 608 3798 Accedit
629 3739 710 3814 quod
737 3738 895 3797 formulam
921 3759 985 3797 eam
1012 3751 1150 3798 auctores
1177 3739 1311 3797 referunt
1336 3747 1409 3795 tam-

89 3851 165 3908 qnam
187 3837 371 3914 singularem
394 3847 424 3898 et
445 3840 594 3899 insolitam
617 3841 746 3900 fortasse
768 3859 826 3898 non
850 3841 945 3899 solum
969 3849 1092 3918 propter
1114 3859 1250 3900 sororum
1270 3839 1410 3898 adiectio-

89 3953 155 4010 nem,
177 3941 231 3998 sed
254 3939 344 3998 etiam
366 3951 489 4018 propter
510 3943 577 4019 ipsa
599 3942 698 4000 rerba.
737 3942 803 4002 Hoc
826 3949 859 4000 ut
875 3944 906 4001 in
920 3943 1092 4001 coniectura
1111 3943 1243 4018 positum
1259 3950 1313 4012 est,
1334 3941 1410 3999 illud

89 4049 186 4097 certum
219 4040 340 4100 videtur
372 4060 436 4102 esse
473 4061 540 4102 cum
575 4043 783 4102 coniuratione
819 4044 871 4102 illa
906 4055 1012 4122 sponte
1050 4055 1190 4121 suscepta
1221 4047 1409 4102 coniunctum

88 4139 183 4214 luisse,
211 4153 247 4201 ut
268 4151 486 4203 sacramentum
508 4161 570 4202 non
592 4145 690 4202 solum
713 4147 743 4204 iu
765 4146 884 4204 tabulas
911 4146 1049 4223 publicas
1072 4146 1247 4218 referretur,
1276 4145 1307 4202 id
1329 4143 1409 4219 quod

88 4246 226 4302 communi
248 4245 311 4306 iure
334 4246 498 4317 obtinebat,
521 4245 572 4303 sed
595 4255 751 4322 practerea
773 4248 811 4305 ad
833 4247 909 4324 legis
931 4247 1056 4306 formam
1078 4249 1110 4307 in
1126 4267 1194 4306 aere
1210 4247 1410 4324 perscriptum

137 4437 158 4497 ¹)
177 4439 269 4504 Scipio
287 4439 358 4506 apud
376 4440 478 4490 Livium
499 4437 547 4500 22,
574 4439 608 4488 53
633 4439 702 4488 cives
726 4439 836 4501 patriam
861 4439 1007 4490 deserturos
1030 4441 1099 4505 cogit
1123 4447 1150 4489 ut
1174 4441 1259 4489 iurent
1282 4440 1307 4488 in
1332 4439 1411 4488 verba

88 4525 153 4580 baec:
181 4547 213 4580 ec
231 4533 279 4581 mei
297 4532 376 4582 animi
393 4532 525 4591 centenno,
554 4537 583 4580 at
606 4545 652 4596 epo
676 4545 726 4580 rem
743 4529 870 4598 publicam
883 4532 978 4598 populi
994 4531 1104 4582 Romana*
1126 4549 1175 4581 non
1198 4530 1310 4582 ᾱεεηαηι
1332 4546 1410 4596 aequis

88 4619 154 4669 alim·
171 4623 252 4672 dm
269 4623 382 4674 deserere
397 4623 503 4690 potior.-
532 4623 556 4670 ai
573 4623 654 4672 amena
664 4620 749 4687 fallo,
777 4629 826 4671 urm
849 4639 885 4672 me
903 4621 1019 4690 Iuppiter
1042 4625 1148 4690 optimus
1170 4625 1292 4677 mammae
1314 4622 1410 4672 domum

81 4711 198 4772 smilion
215 4731 315 4782 remque
333 4729 412 4765 meurs
427 4715 535 4781 pessimo
555 4713 602 4763 leto
623 4712 735 4779 adficiat.

136 4801 158 4866 Ι)
176 4805 301 4858 Proxime
320 4807 421 4856 accedit
438 4807 471 4856 ad
492 4805 559 4856 banc
577 4805 690 4855 formula
712 4813 788 4870 pacto
807 4806 940 4856 Latiorum
965 4814 991 4856 et
1010 4807 1173 4858 Olontiorum
1194 4808 1286 4858 Cretae
1310 4806 1409 4856 insulae

88 4895 189 4947 uttam
213 4893 292 4960 (GL
307 4898 354 4950 Gr.
375 4899 456 4961 2554,
478 4897 555 4961 175):
586 4885 665 4966 ὀμνιῖω
690 4883 734 4945 aab
752 4887 857 4946 Ἑστίαν
881 4905 928 4948 cet.
949 4893 1085 4967 adopricrn
1109 4895 1153 4967 pla
1177 4885 1236 4966 ἧμιν
1259 4885 1347 4946 molid
1369 4893 1409 4947 aad

89 4977 173 5050 ipat,
194 4986 334 5056 spopxtm
354 4985 381 5038 ιι
399 4977 431 5039 «ὲ
451 4983 554 5038 trenta.
593 4989 694 5042 simun
713 4991 875 5053 reperiuntur
894 4991 990 5041 struem
1009 5007 1034 5041 n.
1051 4991 1130 5041 1ssa.
1151 4991 1231 5041 2555.
1252 4991 1337 5054 ³1373
1358 4991 1410 5054 egit

89 5077 115 5126 de
132 5079 183 5144 bia,
208 5083 288 5134 ιιὶειιι
311 5083 342 5132 de
360 5083 447 5133 torma
466 5077 587 5150 Ιψιορκιΐν
612 5081 652 5130 rel
676 5076 787 5148 Ιψορκιῖν
811 5097 858 5147 pro
881 5079 1013 5151 ἐπιορκεῖν,
1039 5082 1186 5132 Boeclthius
1206 5083 1303 5133 ibidem
1327 5083 1406 5131 voll

89 5183 109 5232 p.
122 5173 178 5222 tot.
