<?xml version="1.0" encoding="UTF-8"?>
<!DOCTYPE html PUBLIC "-//W3C//DTD XHTML 1.0 Transitional//EN"
    "http://www.w3.org/TR/xhtml1/DTD/xhtml1-transitional.dtd">
<html xmlns="http://www.w3.org/1999/xhtml" xml:lang="en" lang="en">
 <head>
  <title>
</title>
<meta http-equiv="Content-Type" content="text/html;charset=utf-8" />
  <meta name='ocr-system' content='tesseract 3.04.00' />
  <meta name='ocr-capabilities' content='ocr_page ocr_carea ocr_par ocr_line ocrx_word'/>
</head>
<body>
  <div class='ocr_page' id='page_1' title='image "./ephemerisepigra16instgoog_0280.png"; bbox 0 0 3510 5932; ppageno 0'>
   <div class='ocr_carea' id='block_1_1' title="bbox 451 1805 1095 2112">
    <p class='ocr_par' dir='ltr' id='par_1_1' title="bbox 451 1720 1095 2112">
     <span class='ocr_line' id='line_1_1' title="bbox 545 1805 1006 1919; baseline 0 -2"><span class='ocrx_word' id='word_1_1' title='bbox 545 1805 1006 1919; x_wconf 73' lang='lat' dir='ltr'><strong>inninlunnnl</strong></span> 
     </span>
     <span class='ocr_line' id='line_1_2' title="bbox 451 2027 1095 2112; baseline -0.003 -2"><span class='ocrx_word' id='word_1_2' title='bbox 451 2029 527 2110; x_wconf 85' lang='lat' dir='ltr'><strong>AI)</strong></span> <span class='ocrx_word' id='word_1_3' title='bbox 563 2028 823 2112; x_wconf 81' lang='lat' dir='ltr'>CORPORIS</span> <span class='ocrx_word' id='word_1_4' title='bbox 854 2028 971 2111; x_wconf 85' lang='lat' dir='ltr'><strong>VOL.</strong></span> <span class='ocrx_word' id='word_1_5' title='bbox 993 2027 1095 2110; x_wconf 88' lang='lat' dir='ltr'><strong>Vlll.</strong></span> 
     </span>
    </p>
   </div>
   <div class='ocr_carea' id='block_1_2' title="bbox 699 2257 851 2265">
    <p class='ocr_par' dir='ltr' id='par_1_2' title="bbox 699 2257 851 2265">
     <span class='ocr_line' id='line_1_3' title="bbox 699 2257 851 2265; baseline -0.013 0"><span class='ocrx_word' id='word_1_6' title='bbox 699 2257 851 2265; x_wconf 46' lang='lat' dir='ltr'><strong>——ss</strong></span> 
     </span>
    </p>
   </div>
   <div class='ocr_carea' id='block_1_3' title="bbox 62 2429 1451 5264">
    <p class='ocr_par' dir='ltr' id='par_1_3' title="bbox 62 2429 1451 5264">
     <span class='ocr_line' id='line_1_4' title="bbox 112 2429 1443 2511; baseline -0.004 -18"><span class='ocrx_word' id='word_1_7' title='bbox 112 2433 264 2511; x_wconf 89' lang='lat' dir='ltr'><strong>Corpus</strong></span> <span class='ocrx_word' id='word_1_8' title='bbox 289 2432 516 2509; x_wconf 79' lang='lat' dir='ltr'><strong>inscriptionum</strong></span> <span class='ocrx_word' id='word_1_9' title='bbox 532 2431 709 2491; x_wconf 84' lang='lat' dir='ltr'><strong>Latinarum</strong></span> <span class='ocrx_word' id='word_1_10' title='bbox 725 2432 935 2490; x_wconf 86' lang='lat' dir='ltr'><strong>Africanarum</strong></span> <span class='ocrx_word' id='word_1_11' title='bbox 958 2432 1010 2490; x_wconf 85' lang='lat' dir='ltr'><strong>vix</strong></span> <span class='ocrx_word' id='word_1_12' title='bbox 1033 2440 1098 2490; x_wconf 85' lang='lat' dir='ltr'><strong>erat</strong></span> <span class='ocrx_word' id='word_1_13' title='bbox 1118 2431 1240 2504; x_wconf 87' lang='lat' dir='ltr'><strong>editum,</strong></span> <span class='ocrx_word' id='word_1_14' title='bbox 1264 2449 1330 2489; x_wconf 88' lang='lat' dir='ltr'><strong>cum</strong></span> <span class='ocrx_word' id='word_1_15' title='bbox 1346 2429 1443 2488; x_wconf 89' lang='lat' dir='ltr'><strong>denuo</strong></span> 
     </span>
     <span class='ocr_line' id='line_1_5' title="bbox 62 2521 1444 2610; baseline -0.005 -14"><span class='ocrx_word' id='word_1_16' title='bbox 62 2547 167 2596; x_wconf 75' lang='lat' dir='ltr'><strong>tanta</strong></span> <span class='ocrx_word' id='word_1_17' title='bbox 197 2536 366 2594; x_wconf 87' lang='lat' dir='ltr'><strong>titulorum</strong></span> <span class='ocrx_word' id='word_1_18' title='bbox 389 2553 492 2594; x_wconf 88' lang='lat' dir='ltr'><strong>recens</strong></span> <span class='ocrx_word' id='word_1_19' title='bbox 514 2542 698 2610; x_wconf 89' lang='lat' dir='ltr'><strong>repertorum</strong></span> <span class='ocrx_word' id='word_1_20' title='bbox 722 2535 809 2609; x_wconf 90' lang='lat' dir='ltr'><strong>copia</strong></span> <span class='ocrx_word' id='word_1_21' title='bbox 829 2535 966 2608; x_wconf 80' lang='lat' dir='ltr'><strong>emersit,</strong></span> <span class='ocrx_word' id='word_1_22' title='bbox 997 2521 1032 2592; x_wconf 89' lang='lat' dir='ltr'><strong>ut</strong></span> <span class='ocrx_word' id='word_1_23' title='bbox 1051 2535 1190 2593; x_wconf 91' lang='lat' dir='ltr'><strong>continuo</strong></span> <span class='ocrx_word' id='word_1_24' title='bbox 1213 2534 1265 2609; x_wconf 91' lang='lat' dir='ltr'><strong>qui</strong></span> <span class='ocrx_word' id='word_1_25' title='bbox 1291 2533 1347 2591; x_wconf 92' lang='lat' dir='ltr'><strong>toti</strong></span> <span class='ocrx_word' id='word_1_26' title='bbox 1373 2532 1444 2590; x_wconf 91' lang='lat' dir='ltr'><strong>huic</strong></span> 
     </span>
     <span class='ocr_line' id='line_1_6' title="bbox 63 2633 1445 2717; baseline -0.004 -19"><span class='ocrx_word' id='word_1_27' title='bbox 63 2640 167 2717; x_wconf 85' lang='lat' dir='ltr'><strong>operi</strong></span> <span class='ocrx_word' id='word_1_28' title='bbox 188 2647 359 2716; x_wconf 76' lang='lat' dir='ltr'><strong>praesunt,</strong></span> <span class='ocrx_word' id='word_1_29' title='bbox 382 2637 598 2714; x_wconf 84' lang='lat' dir='ltr'><strong>supplementis</strong></span> <span class='ocrx_word' id='word_1_30' title='bbox 615 2637 778 2695; x_wconf 88' lang='lat' dir='ltr'><strong>condendis</strong></span> <span class='ocrx_word' id='word_1_31' title='bbox 793 2637 965 2711; x_wconf 84' lang='lat' dir='ltr'><strong>prospicere</strong></span> <span class='ocrx_word' id='word_1_32' title='bbox 981 2635 1130 2696; x_wconf 89' lang='lat' dir='ltr'><strong>deberent.</strong></span> <span class='ocrx_word' id='word_1_33' title='bbox 1165 2636 1245 2695; x_wconf 88' lang='lat' dir='ltr'><strong>Nam</strong></span> <span class='ocrx_word' id='word_1_34' title='bbox 1261 2655 1327 2693; x_wconf 91' lang='lat' dir='ltr'><strong>cum</strong></span> <span class='ocrx_word' id='word_1_35' title='bbox 1339 2633 1445 2694; x_wconf 86' lang='lat' dir='ltr'><strong>Africa</strong></span> 
     </span>
     <span class='ocr_line' id='line_1_7' title="bbox 64 2737 1444 2815; baseline -0.005 -15"><span class='ocrx_word' id='word_1_36' title='bbox 64 2744 240 2800; x_wconf 84' lang='lat' dir='ltr'><strong>Romana</strong></span> <span class='ocrx_word' id='word_1_37' title='bbox 263 2739 452 2815; x_wconf 81' lang='lat' dir='ltr'><strong>antiquitatis</strong></span> <span class='ocrx_word' id='word_1_38' title='bbox 476 2739 676 2797; x_wconf 86' lang='lat' dir='ltr'><strong>monumentis</strong></span> <span class='ocrx_word' id='word_1_39' title='bbox 698 2738 830 2815; x_wconf 90' lang='lat' dir='ltr'><strong>reliquas</strong></span> <span class='ocrx_word' id='word_1_40' title='bbox 858 2757 935 2814; x_wconf 90' lang='lat' dir='ltr'><strong>quae</strong></span> <span class='ocrx_word' id='word_1_41' title='bbox 963 2740 1034 2797; x_wconf 91' lang='lat' dir='ltr'><strong>olim</strong></span> <span class='ocrx_word' id='word_1_42' title='bbox 1063 2746 1150 2796; x_wconf 87' lang='lat' dir='ltr'><strong>erant</strong></span> <span class='ocrx_word' id='word_1_43' title='bbox 1178 2737 1294 2813; x_wconf 87' lang='lat' dir='ltr'><strong>imperii</strong></span> <span class='ocrx_word' id='word_1_44' title='bbox 1316 2737 1444 2794; x_wconf 86' lang='lat' dir='ltr'><strong>Romani</strong></span> 
     </span>
     <span class='ocr_line' id='line_1_8' title="bbox 65 2839 1444 2922; baseline -0.004 -20"><span class='ocrx_word' id='word_1_45' title='bbox 65 2843 276 2922; x_wconf 84' lang='lat' dir='ltr'><strong>provincias</strong></span> <span class='ocrx_word' id='word_1_46' title='bbox 299 2860 423 2899; x_wconf 88' lang='lat' dir='ltr'><strong>numero</strong></span> <span class='ocrx_word' id='word_1_47' title='bbox 446 2849 525 2900; x_wconf 89' lang='lat' dir='ltr'><strong>certe</strong></span> <span class='ocrx_word' id='word_1_48' title='bbox 548 2850 678 2917; x_wconf 86' lang='lat' dir='ltr'><strong>superat,</strong></span> <span class='ocrx_word' id='word_1_49' title='bbox 702 2851 763 2898; x_wconf 91' lang='lat' dir='ltr'><strong>tum</strong></span> <span class='ocrx_word' id='word_1_50' title='bbox 779 2839 908 2898; x_wconf 91' lang='lat' dir='ltr'><strong>Tunisia</strong></span> <span class='ocrx_word' id='word_1_51' title='bbox 927 2842 957 2898; x_wconf 90' lang='lat' dir='ltr'><strong>in</strong></span> <span class='ocrx_word' id='word_1_52' title='bbox 981 2840 1246 2917; x_wconf 82' lang='lat' dir='ltr'><strong>Francogallorurn</strong></span> <span class='ocrx_word' id='word_1_53' title='bbox 1266 2847 1444 2914; x_wconf 88' lang='lat' dir='ltr'><strong>potestatem</strong></span> 
     </span>
     <span class='ocr_line' id='line_1_9' title="bbox 64 2942 1444 3018; baseline -0.004 -13"><span class='ocrx_word' id='word_1_54' title='bbox 64 2946 221 3005; x_wconf 77' lang='lat' dir='ltr'><strong>redacta</strong></span> <span class='ocrx_word' id='word_1_55' title='bbox 246 2943 351 3002; x_wconf 83' lang='lat' dir='ltr'><strong>titulos</strong></span> <span class='ocrx_word' id='word_1_56' title='bbox 373 2943 559 3001; x_wconf 87' lang='lat' dir='ltr'><strong>describendi</strong></span> <span class='ocrx_word' id='word_1_57' title='bbox 583 2953 671 3018; x_wconf 87' lang='lat' dir='ltr'><strong>atque</strong></span> <span class='ocrx_word' id='word_1_58' title='bbox 686 2942 887 3018; x_wconf 84' lang='lat' dir='ltr'><strong>investigandi</strong></span> <span class='ocrx_word' id='word_1_59' title='bbox 902 2943 1052 3001; x_wconf 90' lang='lat' dir='ltr'><strong>contentio</strong></span> <span class='ocrx_word' id='word_1_60' title='bbox 1068 2962 1178 3001; x_wconf 87' lang='lat' dir='ltr'><strong>novum</strong></span> <span class='ocrx_word' id='word_1_61' title='bbox 1194 2942 1274 3017; x_wconf 89' lang='lat' dir='ltr'><strong>cepit</strong></span> <span class='ocrx_word' id='word_1_62' title='bbox 1291 2942 1444 3018; x_wconf 89' lang='lat' dir='ltr'><strong>impetum.</strong></span> 
     </span>
     <span class='ocr_line' id='line_1_10' title="bbox 65 3042 1446 3120; baseline -0.006 -12"><span class='ocrx_word' id='word_1_63' title='bbox 65 3047 255 3108; x_wconf 78' lang='lat' dir='ltr'><strong>Nimirum</strong></span> <span class='ocrx_word' id='word_1_64' title='bbox 281 3063 372 3120; x_wconf 86' lang='lat' dir='ltr'><strong>quam</strong></span> <span class='ocrx_word' id='word_1_65' title='bbox 395 3054 503 3103; x_wconf 89' lang='lat' dir='ltr'><strong>terram</strong></span> <span class='ocrx_word' id='word_1_66' title='bbox 527 3046 557 3102; x_wconf 86' lang='lat' dir='ltr'><strong>vi</strong></span> <span class='ocrx_word' id='word_1_67' title='bbox 583 3055 613 3103; x_wconf 88' lang='lat' dir='ltr'><strong>et</strong></span> <span class='ocrx_word' id='word_1_68' title='bbox 638 3044 729 3102; x_wconf 86' lang='lat' dir='ltr'><strong>armis</strong></span> <span class='ocrx_word' id='word_1_69' title='bbox 757 3045 816 3103; x_wconf 87' lang='lat' dir='ltr'><strong>sibi</strong></span> <span class='ocrx_word' id='word_1_70' title='bbox 844 3045 1046 3118; x_wconf 88' lang='lat' dir='ltr'><strong>subiecerant,</strong></span> <span class='ocrx_word' id='word_1_71' title='bbox 1074 3063 1139 3102; x_wconf 90' lang='lat' dir='ltr'><strong>eam</strong></span> <span class='ocrx_word' id='word_1_72' title='bbox 1168 3044 1258 3101; x_wconf 87' lang='lat' dir='ltr'><strong>etiam</strong></span> <span class='ocrx_word' id='word_1_73' title='bbox 1286 3042 1446 3119; x_wconf 88' lang='lat' dir='ltr'><strong>explorare</strong></span> 
     </span>
     <span class='ocr_line' id='line_1_11' title="bbox 67 3146 1445 3228; baseline -0.007 -18"><span class='ocrx_word' id='word_1_74' title='bbox 67 3161 181 3228; x_wconf 78' lang='lat' dir='ltr'><strong>atque</strong></span> <span class='ocrx_word' id='word_1_75' title='bbox 209 3164 398 3224; x_wconf 81' lang='lat' dir='ltr'><strong>cognoscere</strong></span> <span class='ocrx_word' id='word_1_76' title='bbox 425 3155 455 3204; x_wconf 90' lang='lat' dir='ltr'><strong>et</strong></span> <span class='ocrx_word' id='word_1_77' title='bbox 476 3166 554 3223; x_wconf 88' lang='lat' dir='ltr'><strong>quac</strong></span> <span class='ocrx_word' id='word_1_78' title='bbox 577 3147 618 3204; x_wconf 93' lang='lat' dir='ltr'><strong>ibi</strong></span> <span class='ocrx_word' id='word_1_79' title='bbox 640 3146 737 3204; x_wconf 90' lang='lat' dir='ltr'><strong>adhuc</strong></span> <span class='ocrx_word' id='word_1_80' title='bbox 758 3147 893 3204; x_wconf 87' lang='lat' dir='ltr'><strong>latebant</strong></span> <span class='ocrx_word' id='word_1_81' title='bbox 914 3156 1106 3205; x_wconf 88' lang='lat' dir='ltr'><strong>monumenta</strong></span> <span class='ocrx_word' id='word_1_82' title='bbox 1127 3147 1164 3206; x_wconf 87' lang='lat' dir='ltr'><strong>ad</strong></span> <span class='ocrx_word' id='word_1_83' title='bbox 1187 3147 1304 3204; x_wconf 86' lang='lat' dir='ltr'><strong>litteras</strong></span> <span class='ocrx_word' id='word_1_84' title='bbox 1328 3163 1445 3221; x_wconf 91' lang='lat' dir='ltr'><strong>promo-</strong></span> 
     </span>
     <span class='ocr_line' id='line_1_12' title="bbox 69 3247 1444 3325; baseline -0.003 -17"><span class='ocrx_word' id='word_1_85' title='bbox 69 3252 213 3310; x_wconf 77' lang='lat' dir='ltr'><strong>vendas</strong></span> <span class='ocrx_word' id='word_1_86' title='bbox 242 3250 351 3306; x_wconf 91' lang='lat' dir='ltr'><strong>idonea</strong></span> <span class='ocrx_word' id='word_1_87' title='bbox 371 3249 548 3325; x_wconf 82' lang='lat' dir='ltr'><strong>protrahere</strong></span> <span class='ocrx_word' id='word_1_88' title='bbox 570 3249 652 3306; x_wconf 92' lang='lat' dir='ltr'><strong>etin</strong></span> <span class='ocrx_word' id='word_1_89' title='bbox 676 3248 827 3324; x_wconf 90' lang='lat' dir='ltr'><strong>publicum</strong></span> <span class='ocrx_word' id='word_1_90' title='bbox 850 3249 938 3307; x_wconf 89' lang='lat' dir='ltr'><strong>edere</strong></span> <span class='ocrx_word' id='word_1_91' title='bbox 954 3267 1040 3306; x_wconf 89' lang='lat' dir='ltr'><strong>suum</strong></span> <span class='ocrx_word' id='word_1_92' title='bbox 1055 3249 1214 3323; x_wconf 89' lang='lat' dir='ltr'><strong>praecipue</strong></span> <span class='ocrx_word' id='word_1_93' title='bbox 1230 3247 1360 3305; x_wconf 88' lang='lat' dir='ltr'><strong>officium</strong></span> <span class='ocrx_word' id='word_1_94' title='bbox 1378 3265 1444 3304; x_wconf 90' lang='lat' dir='ltr'><strong>esse</strong></span> 
     </span>
     <span class='ocr_line' id='line_1_13' title="bbox 68 3347 1445 3428; baseline -0.004 -16"><span class='ocrx_word' id='word_1_95' title='bbox 68 3350 300 3428; x_wconf 85' lang='lat' dir='ltr'><strong>Francogalli</strong></span> <span class='ocrx_word' id='word_1_96' title='bbox 322 3351 414 3425; x_wconf 88' lang='lat' dir='ltr'><strong>probe</strong></span> <span class='ocrx_word' id='word_1_97' title='bbox 436 3359 665 3426; x_wconf 80' lang='lat' dir='ltr'><strong>perspexerunt.</strong></span> <span class='ocrx_word' id='word_1_98' title='bbox 698 3347 822 3408; x_wconf 84' lang='lat' dir='ltr'><strong>Utinam</strong></span> <span class='ocrx_word' id='word_1_99' title='bbox 838 3350 876 3408; x_wconf 90' lang='lat' dir='ltr'><strong>ad</strong></span> <span class='ocrx_word' id='word_1_100' title='bbox 893 3350 1015 3409; x_wconf 81' lang='lat' dir='ltr'><strong>Africae</strong></span> <span class='ocrx_word' id='word_1_101' title='bbox 1031 3359 1221 3408; x_wconf 89' lang='lat' dir='ltr'><strong>monumenta</strong></span> <span class='ocrx_word' id='word_1_102' title='bbox 1237 3351 1361 3425; x_wconf 89' lang='lat' dir='ltr'><strong>antiqua</strong></span> <span class='ocrx_word' id='word_1_103' title='bbox 1376 3368 1445 3407; x_wconf 90' lang='lat' dir='ltr'><strong>oon-</strong></span> 
     </span>
     <span class='ocr_line' id='line_1_14' title="bbox 69 3451 1445 3529; baseline -0.004 -16"><span class='ocrx_word' id='word_1_104' title='bbox 69 3453 257 3514; x_wconf 82' lang='lat' dir='ltr'><strong>servanda</strong></span> <span class='ocrx_word' id='word_1_105' title='bbox 279 3462 309 3510; x_wconf 89' lang='lat' dir='ltr'><strong>et</strong></span> <span class='ocrx_word' id='word_1_106' title='bbox 329 3453 366 3509; x_wconf 88' lang='lat' dir='ltr'><strong>ab</strong></span> <span class='ocrx_word' id='word_1_107' title='bbox 388 3453 510 3511; x_wconf 89' lang='lat' dir='ltr'><strong>interitu</strong></span> <span class='ocrx_word' id='word_1_108' title='bbox 532 3451 712 3511; x_wconf 78' lang='lat' dir='ltr'><strong>uindicanda</strong></span> <span class='ocrx_word' id='word_1_109' title='bbox 734 3453 857 3511; x_wconf 88' lang='lat' dir='ltr'><strong>eandem</strong></span> <span class='ocrx_word' id='word_1_110' title='bbox 880 3472 980 3511; x_wconf 87' lang='lat' dir='ltr'><strong>curam</strong></span> <span class='ocrx_word' id='word_1_111' title='bbox 1003 3452 1230 3529; x_wconf 80' lang='lat' dir='ltr'><strong>impendendam</strong></span> <span class='ocrx_word' id='word_1_112' title='bbox 1261 3469 1330 3510; x_wconf 88' lang='lat' dir='ltr'><strong>esse</strong></span> <span class='ocrx_word' id='word_1_113' title='bbox 1356 3452 1445 3509; x_wconf 90' lang='lat' dir='ltr'><strong>iidem</strong></span> 
     </span>
     <span class='ocr_line' id='line_1_15' title="bbox 69 3551 1445 3631; baseline -0.005 -15"><span class='ocrx_word' id='word_1_114' title='bbox 69 3558 146 3616; x_wconf 88' lang='lat' dir='ltr'><strong>sibi</strong></span> <span class='ocrx_word' id='word_1_115' title='bbox 178 3553 422 3631; x_wconf 79' lang='lat' dir='ltr'><strong>persuaderent!</strong></span> <span class='ocrx_word' id='word_1_116' title='bbox 447 3591 484 3600; x_wconf 91' lang='lat'><em>-</em></span> <span class='ocrx_word' id='word_1_117' title='bbox 510 3552 689 3630; x_wconf 84' lang='lat' dir='ltr'><strong>Complures</strong></span> <span class='ocrx_word' id='word_1_118' title='bbox 712 3554 802 3630; x_wconf 86' lang='lat' dir='ltr'><strong>igitur</strong></span> <span class='ocrx_word' id='word_1_119' title='bbox 824 3554 881 3612; x_wconf 92' lang='lat' dir='ltr'><strong>viri</strong></span> <span class='ocrx_word' id='word_1_120' title='bbox 904 3554 983 3612; x_wconf 90' lang='lat' dir='ltr'><strong>docti</strong></span> <span class='ocrx_word' id='word_1_121' title='bbox 1007 3564 1059 3612; x_wconf 82' lang='lat' dir='ltr'><strong>a&#39;ut</strong></span> <span class='ocrx_word' id='word_1_122' title='bbox 1080 3573 1135 3612; x_wconf 86' lang='lat' dir='ltr'><strong>sua</strong></span> <span class='ocrx_word' id='word_1_123' title='bbox 1157 3562 1274 3630; x_wconf 86' lang='lat' dir='ltr'><strong>sponte,</strong></span> <span class='ocrx_word' id='word_1_124' title='bbox 1298 3563 1330 3612; x_wconf 92' lang='lat' dir='ltr'><strong>ut</strong></span> <span class='ocrx_word' id='word_1_125' title='bbox 1352 3551 1445 3612; x_wconf 86' lang='lat' dir='ltr'><strong>Caro·</strong></span> 
     </span>
     <span class='ocr_line' id='line_1_16' title="bbox 69 3655 1447 3734; baseline -0.004 -17"><span class='ocrx_word' id='word_1_126' title='bbox 69 3661 131 3717; x_wconf 78' lang='lat' dir='ltr'><strong>lus</strong></span> <span class='ocrx_word' id='word_1_127' title='bbox 162 3656 298 3728; x_wconf 82' lang='lat' dir='ltr'><strong>Tissot,</strong></span> <span class='ocrx_word' id='word_1_128' title='bbox 326 3675 414 3732; x_wconf 90' lang='lat' dir='ltr'><strong>quem</strong></span> <span class='ocrx_word' id='word_1_129' title='bbox 438 3676 530 3732; x_wconf 86' lang='lat' dir='ltr'><strong>nuper</strong></span> <span class='ocrx_word' id='word_1_130' title='bbox 552 3657 634 3715; x_wconf 87' lang='lat' dir='ltr'><strong>bisce</strong></span> <span class='ocrx_word' id='word_1_131' title='bbox 658 3655 765 3714; x_wconf 89' lang='lat' dir='ltr'><strong>studiis</strong></span> <span class='ocrx_word' id='word_1_132' title='bbox 789 3675 991 3734; x_wconf 86' lang='lat' dir='ltr'><strong>praepropero</strong></span> <span class='ocrx_word' id='word_1_133' title='bbox 1013 3657 1076 3714; x_wconf 86' lang='lat' dir='ltr'><strong>fato</strong></span> <span class='ocrx_word' id='word_1_134' title='bbox 1099 3665 1235 3731; x_wconf 91' lang='lat' dir='ltr'><strong>ereptum</strong></span> <span class='ocrx_word' id='word_1_135' title='bbox 1256 3663 1286 3714; x_wconf 92' lang='lat' dir='ltr'><strong>et</strong></span> <span class='ocrx_word' id='word_1_136' title='bbox 1309 3657 1389 3714; x_wconf 87' lang='lat' dir='ltr'><strong>cives</strong></span> <span class='ocrx_word' id='word_1_137' title='bbox 1418 3663 1447 3712; x_wconf 89' lang='lat' dir='ltr'><strong>et</strong></span> 
     </span>
     <span class='ocr_line' id='line_1_17' title="bbox 69 3741 1447 3834; baseline -0.001 -16"><span class='ocrx_word' id='word_1_138' title='bbox 69 3761 195 3820; x_wconf 80' lang='lat' dir='ltr'><strong>exteri</strong></span> <span class='ocrx_word' id='word_1_139' title='bbox 220 3756 314 3816; x_wconf 89' lang='lat' dir='ltr'><strong>hodie</strong></span> <span class='ocrx_word' id='word_1_140' title='bbox 337 3758 452 3834; x_wconf 86' lang='lat' dir='ltr'><strong>lugent,</strong></span> <span class='ocrx_word' id='word_1_141' title='bbox 481 3767 534 3816; x_wconf 86' lang='lat' dir='ltr'><strong>aut</strong></span> <span class='ocrx_word' id='word_1_142' title='bbox 555 3758 593 3816; x_wconf 90' lang='lat' dir='ltr'><strong>ab</strong></span> <span class='ocrx_word' id='word_1_143' title='bbox 615 3757 660 3816; x_wconf 90' lang='lat' dir='ltr'><strong>eis</strong></span> <span class='ocrx_word' id='word_1_144' title='bbox 687 3757 787 3831; x_wconf 90' lang='lat' dir='ltr'><strong>missi,</strong></span> <span class='ocrx_word' id='word_1_145' title='bbox 814 3759 866 3833; x_wconf 92' lang='lat' dir='ltr'><strong>qui</strong></span> <span class='ocrx_word' id='word_1_146' title='bbox 892 3759 999 3817; x_wconf 87' lang='lat' dir='ltr'><strong>artium</strong></span> <span class='ocrx_word' id='word_1_147' title='bbox 1027 3741 1195 3816; x_wconf 82' lang='lat' dir='ltr'><strong>liberalium</strong></span> <span class='ocrx_word' id='word_1_148' title='bbox 1222 3757 1447 3834; x_wconf 84' lang='lat' dir='ltr'><strong>litterarumque</strong></span> 
     </span>
     <span class='ocr_line' id='line_1_18' title="bbox 70 3857 1447 3938; baseline -0.002 -17"><span class='ocrx_word' id='word_1_149' title='bbox 70 3867 292 3922; x_wconf 86' lang='lat' dir='ltr'><strong>incremento</strong></span> <span class='ocrx_word' id='word_1_150' title='bbox 319 3859 349 3916; x_wconf 91' lang='lat' dir='ltr'><strong>in</strong></span> <span class='ocrx_word' id='word_1_151' title='bbox 379 3857 480 3918; x_wconf 85' lang='lat' dir='ltr'><strong>Gallia</strong></span> <span class='ocrx_word' id='word_1_152' title='bbox 508 3865 604 3938; x_wconf 91' lang='lat' dir='ltr'><strong>primo</strong></span> <span class='ocrx_word' id='word_1_153' title='bbox 636 3859 704 3917; x_wconf 88' lang='lat' dir='ltr'><strong>loco</strong></span> <span class='ocrx_word' id='word_1_154' title='bbox 738 3861 910 3931; x_wconf 90' lang='lat' dir='ltr'><strong>consulunt,</strong></span> <span class='ocrx_word' id='word_1_155' title='bbox 944 3861 974 3918; x_wconf 92' lang='lat' dir='ltr'><strong>in</strong></span> <span class='ocrx_word' id='word_1_156' title='bbox 1003 3860 1050 3918; x_wconf 92' lang='lat' dir='ltr'><strong>his</strong></span> <span class='ocrx_word' id='word_1_157' title='bbox 1077 3859 1113 3918; x_wconf 78' lang='lat' dir='ltr'><strong>lt.</strong></span> <span class='ocrx_word' id='word_1_158' title='bbox 1145 3858 1276 3936; x_wconf 85' lang='lat' dir='ltr'><strong>Cogunt,</strong></span> <span class='ocrx_word' id='word_1_159' title='bbox 1307 3859 1447 3932; x_wconf 86' lang='lat' dir='ltr'><strong>Letaille,</strong></span> 
     </span>
     <span class='ocr_line' id='line_1_19' title="bbox 70 3958 1447 4039; baseline 0 -19"><span class='ocrx_word' id='word_1_160' title='bbox 70 3965 111 4021; x_wconf 83' lang='lat' dir='ltr'><strong>J.</strong></span> <span class='ocrx_word' id='word_1_161' title='bbox 137 3963 310 4032; x_wconf 83' lang='lat' dir='ltr'><strong>Poinssot,</strong></span> <span class='ocrx_word' id='word_1_162' title='bbox 334 3958 365 4020; x_wconf 92' lang='lat' dir='ltr'><strong>S.</strong></span> <span class='ocrx_word' id='word_1_163' title='bbox 381 3961 526 4034; x_wconf 84' lang='lat' dir='ltr'><strong>Reinach,</strong></span> <span class='ocrx_word' id='word_1_164' title='bbox 548 3961 657 4020; x_wconf 84' lang='lat' dir='ltr'><strong>itinera</strong></span> <span class='ocrx_word' id='word_1_165' title='bbox 678 3961 872 4037; x_wconf 86' lang='lat' dir='ltr'><strong>epigraphica</strong></span> <span class='ocrx_word' id='word_1_166' title='bbox 893 3963 1061 4038; x_wconf 86' lang='lat' dir='ltr'><strong>pervarias</strong></span> <span class='ocrx_word' id='word_1_167' title='bbox 1079 3963 1163 4039; x_wconf 87' lang='lat' dir='ltr'><strong>regni</strong></span> <span class='ocrx_word' id='word_1_168' title='bbox 1180 3960 1330 4021; x_wconf 88' lang='lat' dir='ltr'><strong>Tunetani</strong></span> <span class='ocrx_word' id='word_1_169' title='bbox 1346 3971 1447 4037; x_wconf 87' lang='lat' dir='ltr'><strong>partes</strong></span> 
     </span>
     <span class='ocr_line' id='line_1_20' title="bbox 71 4062 1447 4140; baseline -0.002 -16"><span class='ocrx_word' id='word_1_170' title='bbox 71 4067 249 4139; x_wconf 87' lang='lat' dir='ltr'><strong>deinceps</strong></span> <span class='ocrx_word' id='word_1_171' title='bbox 271 4072 466 4138; x_wconf 88' lang='lat' dir='ltr'><strong>susceperunt</strong></span> <span class='ocrx_word' id='word_1_172' title='bbox 493 4071 523 4120; x_wconf 91' lang='lat' dir='ltr'><strong>et</strong></span> <span class='ocrx_word' id='word_1_173' title='bbox 549 4081 653 4121; x_wconf 91' lang='lat' dir='ltr'><strong>omnes</strong></span> <span class='ocrx_word' id='word_1_174' title='bbox 680 4062 859 4120; x_wconf 87' lang='lat' dir='ltr'><strong>ineditorum</strong></span> <span class='ocrx_word' id='word_1_175' title='bbox 887 4063 1038 4122; x_wconf 90' lang='lat' dir='ltr'><strong>titulorum</strong></span> <span class='ocrx_word' id='word_1_176' title='bbox 1066 4064 1168 4140; x_wconf 87' lang='lat' dir='ltr'><strong>copias</strong></span> <span class='ocrx_word' id='word_1_177' title='bbox 1195 4064 1324 4123; x_wconf 89' lang='lat' dir='ltr'><strong>maiores</strong></span> <span class='ocrx_word' id='word_1_178' title='bbox 1352 4065 1447 4122; x_wconf 91' lang='lat' dir='ltr'><strong>mino-</strong></span> 
     </span>
     <span class='ocr_line' id='line_1_21' title="bbox 72 4163 1446 4243; baseline -0.004 -16"><span class='ocrx_word' id='word_1_179' title='bbox 72 4185 187 4226; x_wconf 73' lang='lat' dir='ltr'><strong>resne</strong></span> <span class='ocrx_word' id='word_1_180' title='bbox 219 4173 458 4241; x_wconf 88' lang='lat' dir='ltr'><strong>reportaverunt.</strong></span> <span class='ocrx_word' id='word_1_181' title='bbox 509 4165 544 4222; x_wconf 92' lang='lat' dir='ltr'><strong>In</strong></span> <span class='ocrx_word' id='word_1_182' title='bbox 572 4165 638 4242; x_wconf 89' lang='lat' dir='ltr'><strong>ipso</strong></span> <span class='ocrx_word' id='word_1_183' title='bbox 666 4172 764 4223; x_wconf 89' lang='lat' dir='ltr'><strong>autem</strong></span> <span class='ocrx_word' id='word_1_184' title='bbox 792 4184 883 4243; x_wconf 82' lang='lat' dir='ltr'><strong>regno</strong></span> <span class='ocrx_word' id='word_1_185' title='bbox 906 4165 1063 4224; x_wconf 89' lang='lat' dir='ltr'><strong>Tunetano</strong></span> <span class='ocrx_word' id='word_1_186' title='bbox 1086 4164 1223 4224; x_wconf 87' lang='lat' dir='ltr'><strong>Delattre</strong></span> <span class='ocrx_word' id='word_1_187' title='bbox 1251 4167 1391 4224; x_wconf 87' lang='lat' dir='ltr'><strong>stationis</strong></span> <span class='ocrx_word' id='word_1_188' title='bbox 1415 4163 1446 4225; x_wconf 85' lang='lat' dir='ltr'><strong>S.</strong></span> 
     </span>
     <span class='ocr_line' id='line_1_22' title="bbox 71 4265 1448 4342; baseline -0.003 -14"><span class='ocrx_word' id='word_1_189' title='bbox 71 4266 253 4328; x_wconf 83' lang='lat' dir='ltr'><strong>Lndorici</strong></span> <span class='ocrx_word' id='word_1_190' title='bbox 277 4267 403 4325; x_wconf 86' lang='lat' dir='ltr'><strong>antistes</strong></span> <span class='ocrx_word' id='word_1_191' title='bbox 426 4285 492 4324; x_wconf 90' lang='lat' dir='ltr'><strong>oum</strong></span> <span class='ocrx_word' id='word_1_192' title='bbox 515 4265 582 4324; x_wconf 89' lang='lat' dir='ltr'><strong>aliis</strong></span> <span class='ocrx_word' id='word_1_193' title='bbox 605 4266 852 4341; x_wconf 84' lang='lat' dir='ltr'><strong>inscriptionibus</strong></span> <span class='ocrx_word' id='word_1_194' title='bbox 868 4267 986 4326; x_wconf 87' lang='lat' dir='ltr'><strong>aliunde</strong></span> <span class='ocrx_word' id='word_1_195' title='bbox 1005 4267 1111 4327; x_wconf 83' lang='lat' dir='ltr'><strong>adlatis</strong></span> <span class='ocrx_word' id='word_1_196' title='bbox 1128 4287 1275 4339; x_wconf 86' lang='lat' dir='ltr'><strong>museum,</strong></span> <span class='ocrx_word' id='word_1_197' title='bbox 1297 4269 1343 4324; x_wconf 91' lang='lat' dir='ltr'><strong>oui</strong></span> <span class='ocrx_word' id='word_1_198' title='bbox 1360 4286 1448 4342; x_wconf 90' lang='lat' dir='ltr'><strong>prae-</strong></span> 
     </span>
     <span class='ocr_line' id='line_1_23' title="bbox 73 4367 1449 4447; baseline -0.002 -17"><span class='ocrx_word' id='word_1_199' title='bbox 73 4383 150 4440; x_wconf 81' lang='lat' dir='ltr'><strong>est,</strong></span> <span class='ocrx_word' id='word_1_200' title='bbox 180 4368 283 4438; x_wconf 79' lang='lat' dir='ltr'><strong>auxit,</strong></span> <span class='ocrx_word' id='word_1_201' title='bbox 306 4377 366 4426; x_wconf 84' lang='lat' dir='ltr'><strong>tum</strong></span> <span class='ocrx_word' id='word_1_202' title='bbox 390 4369 520 4428; x_wconf 88' lang='lat' dir='ltr'><strong>maxime</strong></span> <span class='ocrx_word' id='word_1_203' title='bbox 543 4368 659 4426; x_wconf 89' lang='lat' dir='ltr'><strong>duobus</strong></span> <span class='ocrx_word' id='word_1_204' title='bbox 678 4369 811 4426; x_wconf 87' lang='lat' dir='ltr'><strong>familiae</strong></span> <span class='ocrx_word' id='word_1_205' title='bbox 826 4369 1034 4445; x_wconf 87' lang='lat' dir='ltr'><strong>imperatoriae</strong></span> <span class='ocrx_word' id='word_1_206' title='bbox 1050 4369 1226 4447; x_wconf 87' lang='lat' dir='ltr'><strong>sepulcretis</strong></span> <span class='ocrx_word' id='word_1_207' title='bbox 1242 4371 1272 4427; x_wconf 92' lang='lat' dir='ltr'><strong>in</strong></span> <span class='ocrx_word' id='word_1_208' title='bbox 1288 4387 1361 4445; x_wconf 83' lang='lat' dir='ltr'><strong>agro</strong></span> <span class='ocrx_word' id='word_1_209' title='bbox 1374 4367 1449 4428; x_wconf 86' lang='lat' dir='ltr'><strong>Car-</strong></span> 
     </span>
     <span class='ocr_line' id='line_1_24' title="bbox 75 4469 1448 4547; baseline -0.002 -17"><span class='ocrx_word' id='word_1_210' title='bbox 75 4469 291 4546; x_wconf 78' lang='lat' dir='ltr'><strong>thaginiensi</strong></span> <span class='ocrx_word' id='word_1_211' title='bbox 313 4470 435 4529; x_wconf 85' lang='lat' dir='ltr'><strong>effossis</strong></span> <span class='ocrx_word' id='word_1_212' title='bbox 457 4471 494 4530; x_wconf 93' lang='lat' dir='ltr'><strong>de</strong></span> <span class='ocrx_word' id='word_1_213' title='bbox 517 4490 549 4528; x_wconf 90' lang='lat' dir='ltr'><strong>re</strong></span> <span class='ocrx_word' id='word_1_214' title='bbox 571 4470 764 4547; x_wconf 85' lang='lat' dir='ltr'><strong>epigraphica</strong></span> <span class='ocrx_word' id='word_1_215' title='bbox 786 4471 897 4547; x_wconf 89' lang='lat' dir='ltr'><strong>optimc</strong></span> <span class='ocrx_word' id='word_1_216' title='bbox 921 4473 1034 4531; x_wconf 89' lang='lat' dir='ltr'><strong>meruit.</strong></span> <span class='ocrx_word' id='word_1_217' title='bbox 1077 4471 1184 4547; x_wconf 88' lang='lat' dir='ltr'><strong>Neque</strong></span> <span class='ocrx_word' id='word_1_218' title='bbox 1206 4473 1305 4530; x_wconf 89' lang='lat' dir='ltr'><strong>minus</strong></span> <span class='ocrx_word' id='word_1_219' title='bbox 1328 4472 1358 4528; x_wconf 93' lang='lat' dir='ltr'><strong>in</strong></span> <span class='ocrx_word' id='word_1_220' title='bbox 1380 4490 1448 4547; x_wconf 93' lang='lat' dir='ltr'><strong>pro·</strong></span> 
     </span>
     <span class='ocr_line' id='line_1_25' title="bbox 76 4571 1448 4650; baseline -0.002 -17"><span class='ocrx_word' id='word_1_221' title='bbox 76 4573 205 4632; x_wconf 76' lang='lat' dir='ltr'><strong>vincia</strong></span> <span class='ocrx_word' id='word_1_222' title='bbox 221 4571 395 4647; x_wconf 85' lang='lat' dir='ltr'><strong>Algeriensi</strong></span> <span class='ocrx_word' id='word_1_223' title='bbox 416 4573 612 4648; x_wconf 88' lang='lat' dir='ltr'><strong>complurium</strong></span> <span class='ocrx_word' id='word_1_224' title='bbox 637 4573 825 4648; x_wconf 90' lang='lat' dir='ltr'><strong>antiquorum</strong></span> <span class='ocrx_word' id='word_1_225' title='bbox 843 4574 1021 4650; x_wconf 88' lang='lat' dir='ltr'><strong>oppidorum</strong></span> <span class='ocrx_word' id='word_1_226' title='bbox 1037 4575 1199 4650; x_wconf 88' lang='lat' dir='ltr'><strong>parietinae</strong></span> <span class='ocrx_word' id='word_1_227' title='bbox 1215 4593 1268 4650; x_wconf 90' lang='lat' dir='ltr'><strong>per</strong></span> <span class='ocrx_word' id='word_1_228' title='bbox 1282 4574 1338 4631; x_wconf 94' lang='lat' dir='ltr'><strong>hos</strong></span> <span class='ocrx_word' id='word_1_229' title='bbox 1353 4590 1448 4631; x_wconf 88' lang='lat' dir='ltr'><strong>anuos</strong></span> 
     </span>
     <span class='ocr_line' id='line_1_26' title="bbox 80 4657 1447 4754; baseline -0.003 -20"><span class='ocrx_word' id='word_1_230' title='bbox 80 4673 330 4754; x_wconf 74' lang='lat' dir='ltr'><strong>pervestigatoe</strong></span> <span class='ocrx_word' id='word_1_231' title='bbox 352 4691 491 4750; x_wconf 79' lang='lat' dir='ltr'><strong>magnam</strong></span> <span class='ocrx_word' id='word_1_232' title='bbox 513 4673 646 4751; x_wconf 88' lang='lat' dir='ltr'><strong>lapidum</strong></span> <span class='ocrx_word' id='word_1_233' title='bbox 665 4675 877 4750; x_wconf 88' lang='lat' dir='ltr'><strong>inscriptorum</strong></span> <span class='ocrx_word' id='word_1_234' title='bbox 894 4677 1009 4750; x_wconf 90' lang='lat' dir='ltr'><strong>copiam</strong></span> <span class='ocrx_word' id='word_1_235' title='bbox 1026 4657 1198 4734; x_wconf 87' lang='lat' dir='ltr'><strong>attulerunt.</strong></span> <span class='ocrx_word' id='word_1_236' title='bbox 1235 4676 1298 4732; x_wconf 88' lang='lat' dir='ltr'><strong>lam</strong></span> <span class='ocrx_word' id='word_1_237' title='bbox 1316 4692 1385 4732; x_wconf 91' lang='lat' dir='ltr'><strong>vero</strong></span> <span class='ocrx_word' id='word_1_238' title='bbox 1401 4693 1447 4744; x_wconf 89' lang='lat' dir='ltr'><strong>eo,</strong></span> 
     </span>
     <span class='ocr_line' id='line_1_27' title="bbox 81 4775 1448 4855; baseline -0.001 -20"><span class='ocrx_word' id='word_1_239' title='bbox 81 4779 150 4855; x_wconf 86' lang='lat' dir='ltr'><strong>qui</strong></span> <span class='ocrx_word' id='word_1_240' title='bbox 177 4775 318 4852; x_wconf 89' lang='lat' dir='ltr'><strong>corporis</strong></span> <span class='ocrx_word' id='word_1_241' title='bbox 341 4775 535 4852; x_wconf 80' lang='lat' dir='ltr'><strong>fundamenta</strong></span> <span class='ocrx_word' id='word_1_242' title='bbox 559 4776 656 4852; x_wconf 84' lang='lat' dir='ltr'><strong>longis</strong></span> <span class='ocrx_word' id='word_1_243' title='bbox 680 4777 876 4853; x_wconf 83' lang='lat' dir='ltr'><strong>molestiaque</strong></span> <span class='ocrx_word' id='word_1_244' title='bbox 898 4777 1053 4836; x_wconf 89' lang='lat' dir='ltr'><strong>itineribus</strong></span> <span class='ocrx_word' id='word_1_245' title='bbox 1076 4784 1283 4853; x_wconf 82' lang='lat' dir='ltr'><strong>congesserat,</strong></span> <span class='ocrx_word' id='word_1_246' title='bbox 1313 4776 1448 4836; x_wconf 86' lang='lat' dir='ltr'><strong>Gustavo</strong></span> 
     </span>
     <span class='ocr_line' id='line_1_28' title="bbox 84 4877 1449 4956; baseline -0.001 -20"><span class='ocrx_word' id='word_1_247' title='bbox 84 4879 282 4936; x_wconf 81' lang='lat' dir='ltr'><strong>Wilmanns</strong></span> <span class='ocrx_word' id='word_1_248' title='bbox 303 4885 406 4953; x_wconf 89' lang='lat' dir='ltr'><strong>erepto</strong></span> <span class='ocrx_word' id='word_1_249' title='bbox 429 4883 524 4936; x_wconf 86' lang='lat' dir='ltr'><strong>morte</strong></span> <span class='ocrx_word' id='word_1_250' title='bbox 548 4885 608 4936; x_wconf 86' lang='lat' dir='ltr'><strong>tam</strong></span> <span class='ocrx_word' id='word_1_251' title='bbox 630 4888 833 4952; x_wconf 87' lang='lat' dir='ltr'><strong>praematura,</strong></span> <span class='ocrx_word' id='word_1_252' title='bbox 856 4887 889 4936; x_wconf 93' lang='lat' dir='ltr'><strong>ut</strong></span> <span class='ocrx_word' id='word_1_253' title='bbox 911 4898 947 4937; x_wconf 90' lang='lat' dir='ltr'><strong>ne</strong></span> <span class='ocrx_word' id='word_1_254' title='bbox 969 4880 1067 4956; x_wconf 91' lang='lat' dir='ltr'><strong>ipsum</strong></span> <span class='ocrx_word' id='word_1_255' title='bbox 1090 4880 1208 4955; x_wconf 88' lang='lat' dir='ltr'><strong>quidem</strong></span> <span class='ocrx_word' id='word_1_256' title='bbox 1229 4879 1302 4937; x_wconf 92' lang='lat' dir='ltr'><strong>illud</strong></span> <span class='ocrx_word' id='word_1_257' title='bbox 1318 4896 1395 4955; x_wconf 90' lang='lat' dir='ltr'><strong>opus</strong></span> <span class='ocrx_word' id='word_1_258' title='bbox 1411 4877 1449 4934; x_wconf 90' lang='lat' dir='ltr'><strong>ad</strong></span> 
     </span>
     <span class='ocr_line' id='line_1_29' title="bbox 88 4979 1449 5057; baseline -0.002 -17"><span class='ocrx_word' id='word_1_259' title='bbox 88 4983 196 5040; x_wconf 85' lang='lat' dir='ltr'><strong>finem</strong></span> <span class='ocrx_word' id='word_1_260' title='bbox 220 4979 386 5056; x_wconf 86' lang='lat' dir='ltr'><strong>perducere</strong></span> <span class='ocrx_word' id='word_1_261' title='bbox 407 4981 552 5055; x_wconf 86' lang='lat' dir='ltr'><strong>potuerit,</strong></span> <span class='ocrx_word' id='word_1_262' title='bbox 583 4980 782 5057; x_wconf 85' lang='lat' dir='ltr'><strong>supplementi</strong></span> <span class='ocrx_word' id='word_1_263' title='bbox 805 4980 981 5040; x_wconf 86' lang='lat' dir='ltr'><strong>conficiendi</strong></span> <span class='ocrx_word' id='word_1_264' title='bbox 1005 5001 1077 5040; x_wconf 89' lang='lat' dir='ltr'><strong>cura</strong></span> <span class='ocrx_word' id='word_1_265' title='bbox 1105 4983 1176 5040; x_wconf 93' lang='lat' dir='ltr'><strong>mihi</strong></span> <span class='ocrx_word' id='word_1_266' title='bbox 1204 4981 1365 5041; x_wconf 86' lang='lat' dir='ltr'><strong>commissa</strong></span> <span class='ocrx_word' id='word_1_267' title='bbox 1394 4987 1449 5038; x_wconf 91' lang='lat' dir='ltr'><strong>est.</strong></span> 
     </span>
     <span class='ocr_line' id='line_1_30' title="bbox 92 5081 1450 5160; baseline -0.001 -19"><span class='ocrx_word' id='word_1_268' title='bbox 92 5085 215 5158; x_wconf 80' lang='lat' dir='ltr'><strong>ltaque</strong></span> <span class='ocrx_word' id='word_1_269' title='bbox 240 5083 337 5142; x_wconf 84' lang='lat' dir='ltr'><strong>hicme</strong></span> <span class='ocrx_word' id='word_1_270' title='bbox 359 5083 501 5160; x_wconf 88' lang='lat' dir='ltr'><strong>proxima</strong></span> <span class='ocrx_word' id='word_1_271' title='bbox 523 5081 565 5156; x_wconf 87' lang='lat' dir='ltr'><strong>(a.</strong></span> <span class='ocrx_word' id='word_1_272' title='bbox 585 5081 710 5158; x_wconf 75' lang='grc'>188213)</span> <span class='ocrx_word' id='word_1_273' title='bbox 733 5083 763 5141; x_wconf 84' lang='grc' dir='ltr'><strong>ἰη</strong></span> <span class='ocrx_word' id='word_1_274' title='bbox 786 5083 918 5141; x_wconf 86' lang='lat' dir='ltr'><strong>Africam</strong></span> <span class='ocrx_word' id='word_1_275' title='bbox 942 5083 1093 5159; x_wconf 85' lang='lat' dir='ltr'><strong>profectus</strong></span> <span class='ocrx_word' id='word_1_276' title='bbox 1122 5104 1140 5141; x_wconf 89' lang='lat' dir='ltr'><strong>a</strong></span> <span class='ocrx_word' id='word_1_277' title='bbox 1162 5084 1279 5142; x_wconf 82' lang='lat' dir='ltr'><strong>Tunete</strong></span> <span class='ocrx_word' id='word_1_278' title='bbox 1307 5085 1345 5141; x_wconf 87' lang='lat' dir='ltr'><strong>ad</strong></span> <span class='ocrx_word' id='word_1_279' title='bbox 1369 5081 1450 5141; x_wconf 86' lang='lat' dir='ltr'><strong>Oran</strong></span> 
     </span>
     <span class='ocr_line' id='line_1_31' title="bbox 99 5184 1451 5264; baseline -0.002 -20"><span class='ocrx_word' id='word_1_280' title='bbox 99 5186 254 5264; x_wconf 88' lang='lat' dir='ltr'><strong>oppidum</strong></span> <span class='ocrx_word' id='word_1_281' title='bbox 282 5186 465 5244; x_wconf 85' lang='lat' dir='ltr'><strong>continentis</strong></span> <span class='ocrx_word' id='word_1_282' title='bbox 498 5185 562 5242; x_wconf 90' lang='lat' dir='ltr'><strong>eius</strong></span> <span class='ocrx_word' id='word_1_283' title='bbox 588 5185 726 5262; x_wconf 78' lang='lat' dir='ltr'><strong>regiones</strong></span> <span class='ocrx_word' id='word_1_284' title='bbox 753 5186 1017 5261; x_wconf 86' lang='lat' dir='ltr'><strong>septentrionales,</strong></span> <span class='ocrx_word' id='word_1_285' title='bbox 1054 5185 1155 5262; x_wconf 90' lang='lat' dir='ltr'><strong>quoad</strong></span> <span class='ocrx_word' id='word_1_286' title='bbox 1182 5195 1299 5264; x_wconf 91' lang='lat' dir='ltr'><strong>tempus</strong></span> <span class='ocrx_word' id='word_1_287' title='bbox 1326 5184 1451 5257; x_wconf 81' lang='lat' dir='ltr'><strong>suffecit,</strong></span> 
     </span>
    </p>
   </div>
   <div class='ocr_carea' id='block_1_4' title="bbox 189 5304 1223 5365">
    <p class='ocr_par' dir='ltr' id='par_1_4' title="bbox 189 5304 1223 5365">
     <span class='ocr_line' id='line_1_32' title="bbox 189 5304 1223 5365; baseline 0.003 -3"><span class='ocrx_word' id='word_1_288' title='bbox 189 5304 228 5363; x_wconf 86' lang='lat' dir='ltr'><strong>V.</strong></span> <span class='ocrx_word' id='word_1_289' title='bbox 1189 5307 1223 5365; x_wconf 89' lang='lat'><strong>18</strong></span> 
     </span>
    </p>
   </div>
   <div class='ocr_carea' id='block_1_5' title="bbox 0 0 1785 5932">
    <p class='ocr_par' dir='ltr' id='par_1_5' title="bbox 0 0 1785 5932">
     <span class='ocr_line' id='line_1_33' title="bbox 0 0 1785 5932; baseline 0 0"><span class='ocrx_word' id='word_1_290' title='bbox 0 0 1785 5932; x_wconf 95' lang='lat' dir='ltr'><strong> </strong></span> 
     </span>
    </p>
   </div>
  </div>
 </body>
</html>
