3628 5954
351 433 398 502 60

348 621 410 682 155
434 624 471 680 ad
495 643 522 682 n.
540 622 609 682 429.
654 620 762 680 Denuo
788 625 919 699 repperit
945 625 1010 683 loh.
1032 622 1166 682 Schmidt
1192 625 1222 682 in
1251 624 1300 681 via
1327 633 1396 681 ante
1423 633 1540 702 portam
1569 629 1684 686 castelli

391 724 521 796 Tarmel,
546 727 596 783 sed
618 724 801 783 imminutam
824 733 914 782 etex
937 735 1021 802 perte
1044 727 1099 784 sub
1122 726 1212 785 humo
1236 725 1385 786 latentem.
1424 725 1509 800 Quae
1532 728 1604 806 legit
1623 729 1685 788 edi-

390 826 434 885 dit
456 827 551 887 Mitti.
576 828 625 886 des
647 827 740 885 atheo.
756 827 889 886 instituis
913 828 930 885 6
953 848 981 906 p.
1002 828 1069 885 140.

964 965 1278 973 ——-——-.

348 1054 412 1116 156
434 1056 471 1115 ed
495 1077 522 1114 ιι.
540 1055 600 1113 438
623 1075 692 1116 cum
713 1056 790 1132 Eph.
808 1057 852 1115 IV
874 1077 902 1134 p.
920 1058 957 1117 37
982 1078 1011 1116 ιι.
1029 1057 1078 1116 61.
1115 1057 1265 1118 Iohannes
1285 1055 1431 1129 Schmidt,
1454 1057 1505 1133 qni
1525 1058 1686 1137 descripsit

390 1169 420 1216 et
442 1158 536 1216 edidit
557 1158 654 1216 lilittlr.
677 1161 725 1217 des
748 1161 826 1217 arch.
843 1160 915 1218 last.
939 1158 956 1217 6
980 1158 1091 1235 (1881)
1115 1179 1144 1237 p.
1164 1161 1236 1232 141,
1261 1161 1360 1236 apices
1381 1159 1514 1219 enotavit
1535 1159 1565 1238 in
1587 1161 1686 1239 priore

390 1261 557 1338 fragmento
581 1257 720 1320 nccinso
744 1293 783 1304 -
806 1258 891 1320 ninsr
917 1295 953 1306 —
978 1259 1071 1332 esni,
1094 1262 1123 1319 in
1147 1261 1241 1320 altero
1264 1259 1363 1320 necin
1388 1294 1425 1304 -
1449 1259 1544 1320 ninsr.

347 1487 412 1550 157
435 1490 472 1549 ad
488 1510 515 1549 n.
529 1490 599 1548 435.
623 1490 736 1549 Oxonii
748 1491 778 1548 in
791 1508 893 1550 museo
907 1490 1066 1566 descripsit
1075 1490 1207 1550 Adolfus
1216 1491 1382 1551 Michaelis.
1397 1525 1435 1535 -
1448 1493 1467 1551 4
1480 1511 1548 1551 vere
1562 1505 1661 1550 mcvro
1677 1523 1684 1538 ·

391 1592 480 1668 lapis.
505 1626 543 1635 —
568 1594 585 1651 5
608 1609 711 1651 xx·m
734 1591 819 1669 lapis.
845 1626 882 1636 -
912 1595 946 1650 11
973 1592 1036 1650 hist
1059 1592 1138 1669 lapis
1161 1593 1238 1652 inter
1260 1609 1285 1650 n
1308 1599 1338 1651 et
1360 1609 1384 1651 S.

348 1819 411 1881 158
435 1821 471 1880 ad
495 1842 523 1879 n.
540 1821 610 1879 440.
654 1821 718 1878 ioh.
736 1818 884 1894 Schmidt,
911 1821 963 1897 qui
985 1821 1143 1898 descripsit
1164 1828 1193 1880 et
1214 1822 1307 1880 edidit
1329 1821 1424 1880 Mittit.
1445 1823 1494 1882 des
1516 1823 1596 1882 arch.
1612 1823 1685 1882 Iast.

389 1927 417 1981 in
441 1923 535 1983 Athen
569 1923 585 1981 6
617 1922 728 1998 (1881)
752 1941 780 1998 p.
800 1924 874 1996 141,
908 1922 1025 1982 eddidit
1056 1924 1155 2002 apices
1180 1920 1250 1982 vio}
1278 1933 1309 1984 et
1334 1921 1473 2011 cresenci
1504 1925 1635 2002 legitque
1666 1926 1685 1985 2

392 2041 567 2084 rnvrtmss.

347 2237 631 2298 lossensem.
684 2238 899 2316 inscriptiones
925 2243 1061 2316 repertae
1084 2245 1155 2297 sunt
1181 2256 1240 2298 non
1267 2238 1298 2296 in
1321 2238 1454 2311 theatro,
1485 2239 1538 2298 sed
1563 2240 1606 2300 ibi
1633 2242 1686 2300 ubi

389 2341 459 2399 oiim
481 2341 645 2400 collocatae
667 2348 738 2400 sunt
759 2341 911 2400 immissae
934 2340 1069 2418 peribolo
1091 2341 1263 2412 Artemisii,
1285 2347 1318 2398 ut
1339 2341 1471 2399 ostendit
1491 2343 1590 2417 paries
1611 2344 1685 2401 deli·

389 2453 493 2502 neatus
516 2443 596 2520 apud
611 2444 772 2503 Woodium
796 2445 963 2502 discover-ies
985 2452 1015 2500 at
1029 2443 1164 2519 Ephesus
1179 2463 1208 2521 p.
1224 2442 1292 2502 133.
1327 2440 1464 2503 Secunda
1478 2462 1578 2502 earum
1594 2445 1687 2504 hodie

390 2545 566 2604 adservatur
588 2544 722 2604 Berolini
745 2546 774 2604 in
799 2563 901 2603 museo
922 2565 950 2604 n.
969 2543 1074 2616 969,9
1098 2555 1211 2623 septem
1231 2544 1365 2604 versibus
1389 2545 1548 2621 disposita3
1572 2565 1611 2605 ex
1635 2549 1686 2606 de·

389 2750 450 2807 lete
472 2769 543 2828 non,
555 2751 704 2826 leguntur.

347 2977 415 3038 160
440 2979 478 3037 ed
501 2999 529 3038 n.
546 2978 637 3038 6083.
681 2977 779 3057 Ligno
806 2998 979 3057 expressam
1007 2999 1073 3040 cum
1101 2980 1280 3058 anaglyphis
1304 2977 1356 3038 dat
1376 2979 1401 3038 I.
1417 2979 1455 3040 T.
1470 2979 1568 3039 Wood
1591 2981 1688 3042 disco·

391 3085 479 3140 aerias
501 3091 534 3140 at
552 3081 687 3158 Ephesus
709 3081 863 3155 (Londinii
890 3083 982 3160 1877)
1005 3102 1033 3159 p.
1052 3083 1121 3142 114.

347 3308 407 3369 161
438 3310 542 3369 tabula
569 3310 684 3388 Ephesi
710 3330 805 3388 prope
831 3319 948 3390 portam
976 3331 1036 3388 qua
1062 3311 1248 3390 Magnesiam
1276 3311 1336 3371 itur
1365 3313 1451 3372 iuxta
1476 3331 1576 3372 arcam
1605 3331 1635 3390 q.
1655 3313 1686 3371 d.

390 3411 563 3490 Polycarpi.

944 3515 993 3556 tn
1065 3526 1113 3558 caea

902 3616 1015 3658 VESP
1071 3619 1123 3660 dm

911 3717 1021 3761 nvo-r

943 3822 951 3862 ι
990 3821 1012 3862 ιι

860 3927 872 3965 s
922 3923 1025 3964 ιιιιιι

349 4082 537 4160 Descriptsm
560 4103 579 4140 a
594 4083 725 4141 Webero
752 4082 847 4142 edidit
864 4083 930 4141 ioh.
952 4080 1089 4143 Schmidt
1104 4083 1199 4143 Mitti.
1224 4087 1272 4143 dea
1295 4085 1374 4143 arch.
1393 4085 1530 4142 Institats
1551 4088 1580 4142 ia
1596 4081 1696 4142 Athea

350 4185 368 4243 6
392 4185 500 4262 (1881)
524 4206 552 4263 p.
572 4185 639 4243 141.

347 4416 413 4479 162
436 4416 569 4493 complete
590 4433 627 4474 on
643 4416 688 4475 tire
704 4428 750 4494 top
774 4417 833 4476 aad
853 4415 899 4477 tle
914 4418 990 4494 riphe
1006 4419 1075 4488 eide,
1099 4418 1255 4476 literatura
1276 4419 1311 4493 of
1322 4415 1413 4476 which
1436 4415 1489 4473 has
1505 4435 1525 4473 a
1538 4414 1689 4491 mooidiny

390 4519 434 4578 the
460 4537 537 4578 soma
562 4536 596 4578 as
622 4519 683 4578 that
708 4521 743 4595 os
760 4520 839 4596 Epir.
855 4521 875 4576 Ι
879 4520 907 4580 V
919 4539 952 4595 p.
969 4521 1008 4577 38
1030 4540 1058 4578 a.
1074 4519 1128 4590 66,
1162 4519 1210 4577 hat
1236 4519 1292 4576 this
1312 4522 1461 4596 fragment
1488 4518 1555 4576 does
1581 4526 1630 4575 aot
1648 4517 1688 4590 fit

388 4637 481 4681 sinor
502 4621 750 4682 Lonommnsns
793 4621 907 4698 Ephesi
929 4641 992 4698 rep.
1015 4622 1114 4682 estin
1137 4639 1240 4680 museo
1263 4620 1447 4680 Britannico.

973 4830 1083 4874 ΟΝΑ

929 4934 954 4975 ιι
967 4948 973 4960 ·
987 4932 1082 4977 rnoc

944 5038 959 5050 ·
971 5033 1007 5076 ιν
1019 5033 1033 5074 s
1047 5019 1067 5075 n

346 5122 505 5209 Descripsi
528 5123 565 5180 ad
587 5131 735 5200 ectypum.
