3574 5942
437 495 740 551 oesunvnnrorucs
757 494 1044 549 nmesssurcsu.
1339 474 1409 545 127

131 673 344 734 Protectoratas
366 689 427 750 quo
449 671 517 730 loco
537 671 630 729 inerit
656 672 752 748 primo
774 679 923 747 ternpore,
951 668 1119 729 tacentibus
1148 666 1345 744 scriptoribus
1373 685 1413 726 ex

99 776 178 834 titulis
198 774 271 835 solis
292 775 484 851 aliquetenus
506 773 680 834 elucidatur.
716 773 845 832 Videtur
860 782 958 832 autem
979 772 1025 830 ita
1045 769 1192 846 coepisse,
1216 778 1248 827 ut
1270 786 1328 827 non
1351 779 1412 828 turn

97 897 140 955 per
157 896 187 936 εε
205 877 432 962 concederetur,
459 895 550 953 quam
572 885 724 951 tamquam
746 876 882 934 cumulus
909 883 939 932 et
964 874 1129 931 officiorum
1157 879 1186 930 et
1211 872 1412 949 praemiorum

97 981 243 1040 adiceretur
262 980 301 1039 ad
328 979 430 1040 oifieia
455 977 596 1038 militaria
620 977 754 1050 diuersa,
781 994 907 1053 quorum
935 993 1012 1052 quae
1038 976 1069 1034 in
1097 973 1193 1034 titulis
1219 973 1413 1034 inveniuntur

97 1083 157 1142 beec
176 1091 254 1142 sunt:

172 1186 197 1244 1.
228 1184 415 1260 Roqfwturu
436 1183 570 1260 lesionis:
591 1202 620 1241 n.
637 1182 666 1242 2.
680 1182 709 1240 9.
753 1180 948 1240 Praefectura
962 1178 1122 1257 praecedit,
1138 1177 1328 1254 subiungitur
1342 1197 1411 1254 pro·

229 1293 402 1346 rectoratus.

170 1387 196 1446 i.
230 1387 407 1446 Tribunum
430 1387 552 1446 eobortr'e
570 1384 914 1463 practoriocrn.1.17,
936 1385 1007 1442 item
1029 1403 1058 1442 n.
1078 1381 1126 1454 12,
1150 1383 1199 1440 ubi
1219 1388 1266 1440 εει
1281 1379 1409 1440 miurus

228 1490 316 1549 nude.
361 1488 547 1548 Tribunatus
567 1489 638 1547 item
660 1486 821 1565 praecedit.

169 1592 196 1651 3.
228 1591 402 1652 Tribunum
423 1591 541 1666 leoteria
562 1609 634 1648 num
656 1591 699 1648 ita
720 1607 786 1648 cum
809 1588 922 1647 ducena
942 1587 1081 1663 coniungi
1103 1587 1242 1664 potuerit,
1265 1586 1409 1643 incertum

227 1702 288 1766 est,
314 1692 480 1752 verisimile
502 1701 602 1752 tamen
623 1700 746 1770 propter
768 1711 797 1749 ιι.
814 1693 863 1750 51.
906 1688 986 1749 Nam
1009 1689 1088 1765 quod
1112 1689 1229 1747 ducena
1249 1687 1410 1763 praeeedit,

227 1797 364 1873 sequitur
386 1794 564 1866 tribunatus,
590 1794 738 1872 exemplis
761 1793 931 1852 defenditur
951 1791 1040 1868 quale
1063 1801 1110 1850 est
1132 1789 1165 1849 0.
1181 1789 1223 1862 X,
1247 1788 1342 1848 5336:
1365 1793 1411 1846 uir

228 1899 413 1970 duccrtarr'us,
432 1915 512 1974 proc.
534 1905 591 1955 rut.
615 1907 701 1956 castr.

166 2001 194 2058 l.
229 1997 448 2059 Cucturionutus
471 2001 693 2075 praenuncius.-
732 2017 761 2056 n.
789 1999 907 2058 11.13.
934 1997 982 2056 14.
1012 1998 1059 2057 15.
1110 1994 1338 2054 Praetutianum
1365 1994 1409 2052 in·

225 2099 327 2180 tellegi
351 2101 554 2161 centurionem
577 2100 727 2177 inprime
750 2119 852 2160 eorum
875 2107 964 2159 extra
984 2099 1106 2157 dubium
1128 2106 1191 2169 est3
1216 2095 1254 2155 de
1276 2095 1408 2155 seeundo

225 2202 303 2263 idem
325 2203 396 2262 inde
417 2201 616 2282 intellegitur,
643 2201 724 2277 quod
746 2206 870 2262 neuterio
889 2211 1032 2277 protector
1056 2199 1220 2276 opponitur
1245 2198 1409 2256 centurioni

224 2305 405 2382 legionari03
437 2303 577 2363 similiter
602 2304 791 2363 iudicandum
814 2321 881 2362 esse
904 2304 941 2362 de
962 2305 1121 2362 centurione
1138 2309 1297 2378 protectore
1323 2319 1352 2358 n.
1371 2298 1408 2355 15

224 2406 390 2466 verisimile
412 2413 468 2465 est.
512 2403 663 2464 Recedere
686 2404 803 2465 videtur
825 2405 1012 2464 acommuni
1034 2405 1101 2481 lege
1122 2402 1227 2461 titulus
1243 2399 1408 2460 Beudionis

224 2529 253 2568 ιι.
274 2509 325 2582 14,
357 2509 411 2567 εει]
432 2515 532 2584 potest
553 2507 671 2566 Beudio
694 2527 731 2566 ex
753 2507 905 2566 ordinario
927 2507 1098 2566 centurione
1120 2503 1284 2582 legionario
1310 2502 1408 2560 iactus

223 2626 294 2670 esse
324 2610 461 2668 centurio
497 2609 706 2687 praetorianus
737 2610 866 2686 itemque
897 2618 1047 2684 protector
1079 2605 1257 2666 ducenarius
1290 2612 1319 2664 et
1351 2604 1409 2661 hoc

222 2711 355 2771 officium
378 2711 551 2770 enuntiasse
572 2711 625 2770 illo
646 2713 770 2771 omisso.

165 2812 192 2872 5.
226 2812 366 2889 [DJoctor
379 2813 499 2887 sobnam
521 2812 656 2888 lenioris:
676 2833 705 2871 n.
724 2813 772 2872 18.
806 2810 947 2871 Officium
970 2811 1042 2871 alibi
1063 2829 1125 2869 non
1139 2816 1335 2868 memoratum
1358 2827 1409 2866 ne·

222 2931 283 2989 que
303 2915 502 2974 certissimum
525 2916 552 2973 si
574 2922 654 2974 recte
675 2915 845 2974 restitutum
866 2925 926 2986 est,
953 2913 1059 2972 doctor
1081 2913 1129 2970 bic
1150 2912 1339 2988 aliquetenus
1361 2927 1409 2967 ac-

222 3016 304 3076 cedit
325 3017 365 3075 sd
386 3016 637 3092 campidoctorum
660 3034 712 3076 eos
735 3025 833 3075 sutem
856 3016 1001 3092 dignitate
1021 3015 1149 3074 eminere
1172 3013 1249 3072 inter
1263 3013 1325 3071 alia
1339 3011 1408 3069 inde

221 3117 419 3195 intellegitur,
440 3117 521 3193 quod
543 3119 574 3176 in
595 3119 683 3178 titulo
701 3117 923 3177 Tarraconensi
946 3114 981 3174 0.
997 3116 1041 3188 ΙΙ,
1063 3115 1143 3175 4083
1168 3116 1317 3174 iuvenitur
1339 3131 1407 3172 cen·

222 3220 302 3278 turio
324 3219 509 3296 legionarius
526 3218 757 3296 promeritus),
783 3219 896 3278 scilicet
920 3217 1070 3294 equitibus
1093 3217 1295 3293 singularibus
1322 3234 1406 3274 exer-

221 3323 300 3382 citus
314 3319 483 3398 Ηίερειιίεἱ,
506 3321 592 3381 umal
613 3331 639 3380 et
659 3320 890 3397 comp(idoctor).
928 3317 976 3379 Cf.
999 3321 1068 3378 item
1085 3316 1120 3378 C.
1133 3317 1186 3389 VI,
1202 3318 1272 3377 533.
1289 3316 1406 3376 3339α.

161 3422 188 3482 d.
222 3421 402 3500 [Pro]tector
422 3427 546 3500 equiturn
572 3422 849 3500 [produt-tuncrum
874 3423 900 3480 si
924 3429 1003 3480 recte
1026 3421 1147 3480 effectus
1168 3427 1216 3478 est
1242 3437 1281 3478 cx
1306 3419 1406 3477 lacero

220 3525 391 3602 fragmento
413 3545 443 3584 ιι.
461 3525 513 3598 10,
541 3525 726 3602 significatur
751 3524 815 3583 siue
838 3523 927 3583 dubio
956 3527 1125 3582 euncttutor
1149 3525 1272 3598 equiturn
1289 3531 1406 3597 praeto-

219 3632 372 3686 rianorum
392 3625 470 3686 idem
492 3626 675 3702 protectoria
688 3625 831 3704 dignitate
847 3633 968 3684 ornatus
991 3635 1021 3684 et
1041 3633 1200 3702 propterea
1218 3622 1342 3682 abusive
1363 3626 1407 3680 ita

220 3728 402 3807 appellatus,
423 3728 485 3788 iere
508 3736 541 3788 nt
561 3747 601 3787 ex
622 3728 722 3808 lugeto
734 3725 917 3788 Germanice
938 3728 1003 3786 viro
1025 3725 1176 3786 consulari
1194 3723 1320 3784 eflicitur
1335 3741 1406 3783 con·

221 3830 335 3890 selem
358 3827 549 3890 Germaniae.

159 3929 186 3988 i.
217 3932 293 3990 Duc
313 3933 484 3992 ducenarius
506 3931 532 3991 ai
553 3930 641 3990 adest
662 3932 694 3990 iu
716 3931 804 3991 titulo
829 3952 859 3991 n.
875 3930 914 3990 49
937 3949 965 3988 e.
981 3929 1051 4004 265,
1084 3930 1136 4007 qui
1165 3929 1286 3989 iubente
1310 3929 1404 4006 impe-

219 4043 321 4094 ratore
335 4033 476 4093 Veronae
497 4039 561 4092 tum
582 4032 722 4092 ducetum
743 4033 876 4110 suscepit
896 4041 985 4092 extra
1002 4031 1135 4090 ordinem
1157 4029 1241 4106 (nam
1262 4031 1405 4090 ordinarii

219 4135 313 4196 duces
335 4146 398 4194 tum
417 4133 491 4194 nulli
507 4135 652 4211 inerunt),
675 4134 745 4192 item
759 4135 891 4193 ducenae
906 4134 1050 4193 bonorem
1065 4133 1274 4211 stipendiaque
1290 4134 1405 4211 aprin-

218 4237 286 4313 cipe
307 4236 461 4313 soeepisse
478 4245 589 4314 potest
624 4236 810 4296 Protectoris
827 4245 924 4295 utrum
939 4235 1117 4295 vocabulum
1131 4235 1268 4296 omiserit
1281 4255 1319 4294 an
1335 4253 1404 4311 pro-

218 4345 369 4398 tectoratu
390 4339 529 4411 caruerit,
551 4355 612 4398 non
632 4338 738 4416 liquet.

113 4435 144 4494 Ιιι
165 4457 224 4498 uno
246 4459 284 4500 cx
307 4440 403 4500 titulis
424 4440 472 4500 his
493 4459 524 4499 n.
539 4440 575 4498 17
591 4440 668 4500 inter
684 4450 841 4517 utrumque
856 4439 988 4500 officium
1002 4439 1113 4516 copule
1126 4438 1255 4517 ponitur,
1278 4438 1309 4496 id
1323 4439 1404 4516 quod

80 4554 128 4596 uon
148 4539 180 4599 bt
200 4542 258 4601 nisi
279 4543 312 4601 in
334 4541 505 4601 muneribus
528 4541 629 4618 aliquo
651 4542 770 4601 vinculo
790 4541 964 4601 coniunctis.
1001 4537 1126 4618 Semper
1147 4541 1298 4618 praecedit
1318 4559 1403 4618 pree-

80 4637 178 4700 lectura
198 4643 371 4704 tribunatus
393 4644 628 4718 centurionatus,
651 4643 840 4722 subiungitur
862 4650 1081 4720 protectoratus
1104 4643 1220 4715 stetim,
1242 4643 1299 4701 nisi
1322 4642 1402 4718 quod

80 4738 102 4796 iu
122 4763 147 4802 ιι.
160 4743 196 4803 1ss
219 4745 270 4805 bic
291 4746 421 4805 auctarii
442 4744 510 4805 loco
531 4753 602 4824 post
621 4746 683 4806 elis
697 4746 867 4822 adscriptus
883 4755 940 4817 est,
962 4745 1033 4803 item
1055 4765 1084 4803 n.
1100 4745 1148 4816 10,
1171 4745 1197 4803 si
1213 4763 1313 4802 verum
1330 4743 1403 4813 vidi,

79 4859 207 4918 peruersa
228 4847 348 4908 ratione
371 4855 527 4924 utrumque
541 4847 730 4908 coniunctum
746 4855 801 4908 est.
834 4846 956 4905 Adsunt
969 4845 1105 4904 eiusdem
1121 4845 1228 4904 aetatis
1244 4843 1322 4903 tituli
1337 4843 1401 4919 qui-

80 4944 136 5006 dam
154 4957 361 5025 protectorum
382 4949 506 5008 alterum
528 4949 700 5027 dignitatem
720 4950 833 5009 nullam
849 4948 1077 5020 enuntiantem,
1099 4955 1258 5025 potestque
1273 4945 1347 5016 fieri,
1371 4955 1403 5003 ut

79 5043 100 5102 ie
118 5047 208 5110 honor
229 5053 320 5110 etiarn
343 5051 410 5111 sine
431 5051 492 5110 alio
514 5050 632 5110 delatus
647 5052 701 5122 sit3
724 5051 779 5111 sed
794 5051 889 5127 magis
904 5049 1081 5109 crediderim
1096 5049 1128 5107 in
1143 5050 1190 5107 bie
1206 5049 1332 5106 alterum
1349 5048 1401 5104 bo-

79 5165 166 5210 norem
187 5152 398 5214 antummodo
418 5169 614 5231 suppressum
637 5171 703 5213 esso
725 5161 755 5212 et
770 5172 839 5213 rere
854 5151 998 5214 Severum
1021 5151 1064 5210 ita
1084 5170 1147 5210 rem
1169 5150 1346 5221 instituisse,
1368 5156 1402 5206 nt
