3524 5932
395 565 439 631 57
445 563 467 631 0
823 583 1097 634 auorvalmnra
1125 581 1206 633 voc.
1227 582 1270 632 111
1654 585 1708 632 mer

396 680 520 690 ———--—-
1572 683 1705 692 ...nn——

435 755 471 811 ad
494 756 534 825 B,
558 754 584 810 7.
622 756 772 813 Robertus
789 755 909 826 Movet,
932 757 981 831 qui
1004 755 1229 831 inscriptionem
1251 755 1327 814 hanc
1341 755 1481 830 repetivit
1495 755 1542 812 bis
1558 755 1711 829 bullepr'pr.

393 854 440 928 (de
464 857 492 912 lu
515 856 622 932 Goule)
650 858 742 915 vol.3
765 878 794 935 p.
811 857 867 915 199
890 867 920 914 ct
942 858 1034 916 rol.4
1058 876 1085 933 p.
1103 858 1157 928 35,
1185 857 1292 916 litteris
1315 857 1411 916 tribus
1434 857 1451 914 b
1474 857 1492 914 t
1515 871 1626 915 s·s·s·
1652 875 1711 914 con·

393 959 486 1015 tendit
509 960 669 1034 significari
685 961 719 1034 fit
741 979 849 1018 scrotina
871 978 1054 1030 acarasseorum
1078 968 1107 1017 et
1130 979 1230 1018 verum
1254 966 1300 1018 est
1321 979 1412 1037 supra
1434 963 1607 1034 scripturum
1628 960 1711 1017 color-

393 1063 460 1117 tr'nut
483 1063 579 1119 minus
602 1070 681 1120 recte
703 1061 792 1120 scribi
815 1081 904 1138 quam
928 1064 1082 1120 cohortium
1104 1081 1195 1139 supra
1214 1066 1396 1138 arripueram,
1419 1080 1515 1137 neque
1531 1060 1562 1119 id
1578 1079 1622 1120 me
1636 1062 1709 1138 fugit.

394 1158 454 1219 Sed
476 1163 618 1221 deterruit
640 1183 686 1221 me
708 1182 774 1222 cum
797 1164 961 1221 litterarum
986 1164 1181 1240 singularium
1207 1165 1290 1222 nullo
1317 1164 1455 1242 exemplo
1485 1163 1709 1221 confirmatamm

392 1263 536 1321 admissio
558 1275 622 1323 tum
644 1266 755 1323 locutio
776 1267 943 1343 appositive
965 1266 1094 1324 formata
1116 1284 1190 1325 sane
1211 1266 1335 1324 insolita
1355 1268 1392 1342 fit
1418 1285 1527 1324 summa
1554 1285 1710 1324 semmurum

393 1371 566 1424 centuriones
582 1367 621 1424 X.
660 1369 723 1426 Iam
747 1387 817 1426 vero
839 1368 978 1426 existimo
1001 1368 1147 1426 erravisse
1170 1387 1215 1427 me
1238 1377 1267 1425 et
1290 1387 1390 1426 verum
1413 1368 1523 1426 vidisse
1538 1367 1709 1436 Memmium,

391 1469 565 1527 recordatus
588 1468 767 1528 calculorum
789 1471 868 1546 apud
892 1468 1037 1528 Catonem
1059 1471 1095 1527 de
1118 1471 1181 1547 agri
1205 1470 1274 1528 cult.
1297 1490 1322 1528 c.
1339 1471 1388 1541 22,
1409 1471 1436 1528 3.
1486 1470 1532 1527 lbi
1554 1471 1630 1528 enim
1649 1479 1710 1546 post

392 1572 525 1646 singulas
549 1591 681 1630 summas
704 1571 816 1630 relatas
838 1591 915 1648 quae
942 1573 1075 1648 sequitur
1103 1591 1141 1630 cx
1169 1573 1335 1630 coniunctis
1362 1572 1481 1645 effecta,
1511 1573 1538 1628 ei
1568 1573 1613 1630 bis
1638 1592 1708 1648 prae

391 1677 547 1732 mittuntur
570 1683 657 1732 notae
686 1690 784 1746 s·s·‚
811 1674 842 1732 id
869 1675 947 1750 quod
970 1694 1040 1734 vere
1069 1675 1185 1733 videtur
1211 1674 1466 1750 interpretandum
1494 1691 1563 1732 esse
1590 1693 1658 1746 nou,
1684 1681 1710 1730 ut

391 1777 487 1835 adhuc
509 1777 619 1834 fectum
643 1787 695 1850 est,
719 1797 827 1836 aramma
849 1788 987 1854 sumptus,
1012 1776 1064 1835 sed
1087 1795 1195 1834 summo
1217 1794 1399 1850 mammarum,
1421 1795 1488 1836 oum
1503 1776 1535 1834 in
1550 1776 1637 1834 simili
1653 1777 1708 1833 loco

392 1879 439 1951 (5,
460 1879 493 1949 2,
516 1879 547 1953 5)
582 1877 748 1938 Columella
775 1881 818 1937 sic
846 1880 969 1938 scribat:
1002 1890 1150 1954 utrumque
1179 1898 1316 1937 summum
1343 1883 1518 1955 componito.-
1538 1881 1611 1954 fiunt
1634 1881 1709 1954 pedes

390 1979 543 2036 XXXIX
560 1983 649 2038 arzilla.
688 1981 784 2055 Quam
808 1982 930 2039 obrem
953 1981 1065 2039 locutio
1087 1982 1161 2040 haec
1183 2000 1253 2040 vere
1276 1981 1392 2039 videtur
1413 1980 1537 2057 propria
1557 1981 1649 2040 fuisse
1669 2000 1710 2036 re·

389 2089 535 2140 tustorum
559 2083 771 2141 calculatorum
794 2094 823 2141 et
844 2083 1059 2142 tabulariorum
1082 2090 1113 2141 ct
1135 2083 1173 2140 ab
1195 2083 1241 2142 his
1263 2083 1438 2161 pervenisse
1457 2083 1495 2140 ad
1510 2090 1616 2160 poetas
1630 2082 1710 2140 Plau·

388 2194 450 2241 tum
473 2195 502 2242 et
524 2184 697 2244 Lucretium
721 2185 858 2261 aliosque
881 2185 1009 2261 (Seneca
1033 2187 1119 2262 epist.
1143 2185 1183 2242 40
1198 2185 1274 2260 fin).

430 2288 469 2344 ad
489 2287 528 2356 B,
552 2289 598 2345 10.
643 2286 690 2344 De
712 2288 794 2346 lacco
815 2288 962 2346 vocabulo
985 2307 1080 2364 nuper
1106 2287 1168 2363 egit
1189 2285 1298 2345 Franc.
1322 2287 1489 2347 Buecheler
1517 2287 1548 2345 iu
1570 2288 1636 2364 eph.
1658 2287 1710 2344 lto

388 2390 508 2446 naccnsi
534 2389 643 2447 Archiv
664 2389 720 2463 sdr
750 2391 913 2449 lateinisclve
939 2389 1168 2466 Lecicoprapltie
1194 2390 1256 2446 uod
1277 2387 1457 2447 Grammatilt
1484 2390 1543 2448 vol.
1566 2391 1580 2446 1
1611 2388 1709 2464 (1881)

388 2511 416 2566 p.
431 2490 500 2549 285.
531 2491 635 2550 Potest
656 2491 783 2550 conferri
804 2491 883 2566 quod
899 2493 929 2550 in
945 2491 1032 2550 titulo
1049 2499 1175 2568 excepto
1190 2490 1308 2549 Damae
1323 2490 1353 2549 in
1365 2491 1579 2550 Trachonitide
1595 2491 1710 2566 (Labas-

387 2593 589 2669 Waddington
613 2613 641 2650 n.
658 2590 753 2668 2452)
781 2593 901 2670 legitur:
931 2583 964 2650 vri
984 2595 1078 2664 μνῆμα
1099 2582 1147 2650 καὶ
1168 2587 1218 2662 τὴν
1245 2585 1335 2662 αὐλὴν
1360 2583 1408 2650 aui
1434 2585 1483 2649 τὸν
1508 2583 1607 2650 ἐνόντα
1633 2583 1709 2649 >aaa

385 2685 433 2751 ursi
454 2696 567 2751 συκῶνα
587 2692 753 2770 ἐφύτευσεν.

427 2797 464 2854 ad
486 2798 525 2868 B,
551 2798 597 2856 15.
646 2797 729 2856 Idem
753 2798 912 2858 Mowatius
940 2798 1021 2875 quod
1047 2797 1104 2858 hoc
1129 2797 1195 2856 loco
1221 2797 1330 2874 legitur
1356 2807 1483 2856 casuum
1510 2797 1709 2874 interpretatus

385 2909 431 2956 est
452 2910 549 2957 castra
570 2900 725 2976 maiora),
751 2919 923 2978 perperam3
958 2919 1026 2959 narn
1048 2900 1144 2959 fuisse
1167 2898 1255 2977 copti
1278 2905 1378 2958 castra
1399 2899 1471 2957 bina
1492 2900 1570 2972 iam,
1602 2901 1709 2960 sublato

385 3023 486 3060 errore
511 3003 691 3077 Desjardinii
719 3002 846 3079 legentis
869 3004 940 3061 015
964 3020 981 3060 ιι
1002 3020 1057 3080 pro
1080 3019 1130 3073 er,
1160 3001 1290 3079 amplius
1316 3019 1375 3060 non
1405 3002 1463 3059 erit
1490 3002 1543 3078 qui
1572 3001 1709 3062 defendat.

384 3125 439 3162 nec
468 3106 536 3163 licet
564 3113 695 3164 tenorem
725 3106 889 3180 scripturae
920 3105 1113 3180 aequabiliter
1146 3103 1350 3163 decurrentem
1383 3104 1604 3182 interrumpere
1632 3105 1709 3162 iuter
1743 3165 1744 3181 χ

384 3208 483 3282 posita
505 3208 605 3266 nescio
627 3226 686 3282 qua
706 3206 806 3265 littera
832 3206 977 3282 singulari
1003 3225 1063 3265 non
1090 3205 1127 3266 ad
1155 3206 1321 3282 legitimam
1348 3225 1498 3278 normam,
1526 3207 1583 3265 sed
1612 3220 1710 3264 temere

384 3309 472 3384 plane
494 3309 673 3386 excogitata.
729 3307 843 3367 Contra
865 3309 917 3383 qui
938 3307 1157 3383 comparaverit
1185 3308 1263 3365 inter
1285 3308 1344 3366 alia
1371 3308 1482 3366 similia
1508 3309 1592 3384 quod
1620 3315 1663 3366 est
1686 3307 1709 3362 in
1741 3365 1742 3407 1

383 3411 469 3469 titulo
496 3429 590 3486 nuper
617 3411 647 3469 in
669 3411 774 3469 Africa
800 3410 957 3468 eruderato
985 3409 1093 3486 (supra
1118 3429 1147 3486 p.
1163 3408 1221 3466 541
1252 3429 1282 3467 n.
1301 3408 1393 3484 1233)
1421 3410 1491 3468 anui
1520 3419 1593 3470 ante
1615 3407 1707 3470 Chai

382 3516 449 3589 imp.
476 3513 625 3572 Caesarem
647 3513 778 3588 Aupusto
801 3511 843 3568 M.
863 3511 978 3570 Plautio
998 3511 1133 3582 Siluano,
1155 3511 1228 3569 mihi
1250 3511 1397 3570 adsentiet
1418 3521 1576 3571 auctorem
1599 3512 1707 3570 alterius
1739 3555 1740 3558 ,

382 3615 576 3673 additamenti
603 3613 685 3688 (nam
713 3633 758 3671 vv.
788 3614 846 3671 duo
869 3612 1007 3672 t14.15
1033 3613 1072 3670 ab
1098 3613 1160 3670 alia
1185 3631 1278 3671 manu
1304 3613 1421 3671 exarati
1446 3613 1532 3690 sunt)
1564 3615 1635 3674 vitio
1659 3632 1708 3670 ser-

382 3719 479 3775 monis
502 3716 547 3774 vel
568 3715 820 3793 pronuntiationis
844 3724 969 3774 castrum
992 3714 1114 3774 dedisse
1134 3734 1189 3792 pro
1211 3724 1318 3773 castro.
1738 3661 1739 3745 1

1008 3901 1197 3910 ——--—.-

751 4075 852 4136 VIAE
876 4074 1067 4136 AEGYPTI
1094 4074 1201 4151 (supra
1223 4093 1251 4151 p.
1271 4074 1332 4149 12).

379 4235 468 4295 1327
491 4235 527 4294 ad
550 4233 669 4311 Eph.V
692 4253 719 4292 n.
739 4235 786 4293 18.
834 4233 994 4292 Eduardus
1016 4230 1138 4290 Naville
1164 4251 1216 4308 per
1238 4230 1355 4288 litteras
1383 4231 1547 4292 certiorem
1575 4251 1621 4290 mc
1647 4229 1705 4288 ferit

420 4338 550 4396 tabulam
574 4339 650 4395 hanc
672 4336 766 4413 (dalle
788 4337 822 4394 da
843 4331 970 4395 culcaire
991 4335 1075 4393 blanc
1096 4335 1131 4391 de
1153 4333 1193 4390 35
1215 4333 1386 4391 camaena
1409 4335 1444 4392 de
1466 4333 1591 4411 lurpeur
1610 4352 1658 4390 sur
1674 4334 1705 4386 30

420 4442 453 4496 de
481 4439 614 4515 hauteur)
648 4449 795 4517 repertam
821 4435 1127 4496 Tell-el·Maschuta
1152 4436 1230 4494 inter
1256 4432 1366 4492 rudera
1391 4435 1485 4494 castri
1514 4435 1642 4494 Romani
1666 4433 1703 4488 iu-

419 4542 560 4614 scriptam
584 4560 652 4598 esse
675 4541 734 4600 sic:

848 4641 891 4683 nu
920 4639 966 4681 mc
988 4636 1169 4680 vitroatavs

848 4739 1027 4784 ΜΑΧΙΜΙΑΝΟ
1054 4739 1089 4781 ΕΤ
1112 4738 1229 4782 SEVERO
1320 4745 1419 4788 ecastr

846 4840 1088 4886 rmeeaaroatevs
1111 4840 1148 4882 ar

847 4943 1008 4988 maximino
1031 4943 1066 4984 er
1087 4940 1297 4985 cousraurnw

786 5051 797 5088 e
847 5045 1048 5089 noartrssuars
1072 5043 1249 5086 caesaarsv·

843 5149 882 5191 aa
905 5146 966 5191 sao
989 5147 1020 5187 tra
1044 5144 1169 5188 ctvsata

905 5235 931 5292 111
957 5249 1018 5290 viru
1052 5236 1072 5288 Ε
