3628 5954
746 479 1020 531 ADDITAMENTA
1047 479 1133 531 voi..
1153 481 1196 531 111
1607 485 1637 534 15

311 655 433 716 missos.
476 653 542 714 Nec
564 655 684 714 dubium
706 663 753 713 est
773 654 810 712 de
833 652 958 714 Graecis
980 655 1111 731 Aegypti
1137 655 1179 714 ita
1200 655 1301 732 aliquo
1328 656 1417 714 modo
1439 655 1557 714 civitate
1580 655 1641 713 Ro-

311 776 401 814 mana
422 757 626 835 impertiendis
652 765 813 835 propterea
834 758 965 816 maxime
986 762 1179 816 constitutum
1207 776 1288 830 csse,
1316 766 1349 816 ut
1374 758 1443 816 inde
1469 759 1582 817 tirones
1609 758 1640 818 in

311 859 445 934 legiones
471 861 676 936 Aegyptiacus
701 860 761 936 legi
793 867 926 937 possent.
960 892 998 902 —
1032 859 1116 918 Idem
1149 859 1298 936 colligitur
1329 880 1368 918 ex
1400 861 1479 920 tribu
1513 860 1640 918 militurn

313 962 575 1038 Aegyptiacorum.
623 963 658 1020 ln
684 965 824 1041 Aegypto
853 963 903 1038 qui
931 973 1102 1021 meruerunt
1127 964 1270 1040 perpauci
1298 983 1337 1021 ex
1363 962 1454 1021 Italia
1484 970 1514 1021 et
1541 962 1642 1022 Gallia

312 1064 456 1137 homines,
478 1065 587 1124 tribum
609 1065 719 1124 habent
741 1082 813 1124 anae
835 1065 962 1141 quisque
984 1065 1118 1142 originis,
1140 1065 1344 1124 Vercellensis
1366 1067 1539 1137 Aniensem,
1562 1064 1640 1142 Lng-

312 1166 455 1226 dunensis
477 1165 642 1238 Galeriam,
668 1178 698 1225 et
717 1167 796 1225 idem
818 1167 994 1225 observatur
1015 1167 1045 1224 in
1067 1167 1169 1244 paucis
1191 1186 1268 1243 quae
1289 1187 1333 1240 <aa¹
1347 1177 1443 1226 aetate
1465 1169 1496 1227 in
1519 1165 1642 1226 Oriente

311 1268 429 1328 fuerunt
458 1269 585 1328 coloniis
617 1269 826 1346 municipiisve
859 1268 965 1328 civium
992 1268 1213 1342 Romanorum,
1247 1278 1282 1327 ut
1307 1269 1484 1347 Berytensis
1514 1270 1639 1328 Fabiam

312 1372 402 1430 habet
427 1379 458 1431 et
483 1371 612 1431 fortasse
637 1373 742 1430 eodem
771 1372 835 1429 iure
862 1369 1011 1429 Uticensis
1039 1369 1204 1444 Quirinam.
1254 1372 1376 1448 Reliqui
1402 1371 1514 1431 milites
1537 1389 1639 1430 omnes

313 1493 379 1532 curn
401 1473 521 1533 domum
543 1473 725 1551 adscriptam
748 1474 879 1532 habeant
900 1473 1021 1532 civitate
1042 1473 1180 1533 Romana
1200 1482 1350 1534 carentem
1371 1475 1421 1534 vel
1446 1473 1521 1532 adeo
1543 1481 1643 1532 castra

312 1577 394 1653 ipsa,
426 1577 541 1636 scilicet
565 1576 767 1654 Aegyptiace,
801 1576 843 1633 ita
871 1576 903 1632 in
931 1575 1077 1654 legionem
1103 1575 1172 1635 lecti
1198 1577 1259 1636 sint
1283 1593 1405 1636 necesse
1431 1585 1491 1649 est,
1522 1585 1556 1634 nt
1580 1595 1642 1636 una

313 1697 379 1737 cum
400 1678 518 1756 cingulo
539 1679 688 1738 civitatem
711 1679 890 1755 acciperent.
933 1677 969 1735 Id
991 1679 1060 1737 inde
1082 1679 1285 1750 confirmatur,
1306 1679 1386 1755 quod
1408 1697 1571 1756 quaecum
1594 1679 1642 1738 his

312 1781 450 1841 domibus
472 1779 629 1840 coniuncta
649 1781 798 1839 invenitur
819 1781 915 1839 tribua
937 1780 1008 1840 alibi
1030 1781 1091 1840 alia
1112 1789 1166 1840 est.
1206 1783 1254 1840 Ita
1275 1783 1306 1841 in
1328 1782 1386 1840 hoc
1407 1783 1475 1858 ipso
1496 1781 1642 1840 laterculo

314 1883 351 1943 ad
374 1884 501 1944 Tarium
524 1884 613 1942 modo
635 1882 739 1942 Pollia
761 1883 915 1959 adscripta
936 1893 991 1957 est,
1014 1884 1104 1942 modo
1120 1881 1235 1962 Sergia,
1257 1885 1286 1942 in
1303 1883 1417 1944 Dacico
1440 1891 1538 1942 antem
1562 1883 1649 1942 titulo

314 1986 388 2062 (vol.
403 1986 467 2060 III,
491 1986 585 2062 1803)
613 1983 751 2056 Gallina3
784 1985 908 2062 Ancyra
928 2005 996 2044 cum
1018 1987 1067 2044 hic
1088 2003 1206 2062 semper
1228 2005 1293 2046 cum
1316 1986 1419 2046 Pollia
1439 1987 1586 2064 iungatur,
1613 1986 1646 2044 in

312 2089 465 2148 laterculis
481 2088 602 2147 urbanis
625 2089 665 2164 (v.
681 2087 759 2165 Eph.
771 2087 818 2146 IV
840 2106 869 2164 p.
882 2086 958 2164 324)
980 2098 1010 2146 et
1030 2089 1062 2146 in
1078 2088 1360 2164 tituloAquincensi
1375 2087 1642 2165 (spanniis)

313 2191 440 2250 Fabiam
467 2190 609 2262 adsumit3
636 2190 762 2249 candem
787 2189 916 2249 fortasse
938 2190 1060 2267 Paphos
1084 2191 1114 2249 in
1141 2191 1229 2250 titulo
1253 2189 1433 2250 Germanico
1460 2190 1643 2266 (Brambaclr

314 2292 349 2352 C.
365 2293 389 2351 I.
404 2293 463 2353 Rh.
489 2313 518 2352 n.
537 2293 648 2368 1408),
681 2310 756 2370 quac
782 2292 831 2351 hic
857 2292 896 2350 ad
923 2292 1086 2352 Aniensem
1112 2294 1255 2366 refertur3
1290 2293 1488 2352 Alexandrini
1514 2293 1643 2369 deniqne

313 2397 402 2456 huius
424 2394 562 2454 laterculi
583 2413 650 2454 cum
673 2413 777 2454 omnes
799 2395 860 2454 sint
878 2395 1003 2468 Polliae,
1026 2397 1056 2454 in
1079 2395 1163 2454 titulo
1178 2395 1380 2473 Neapolitano
1403 2393 1438 2455 C.
1450 2397 1475 2455 1.
1489 2393 1543 2456 Gr.
1560 2395 1643 2454 5804

313 2499 461 2558 invenitur
482 2498 557 2557 ciris
578 2515 680 2557 eorum
704 2497 875 2574 adscriptus
897 2496 1051 2572 Quirinae.

357 2599 447 2661 Cives
468 2601 524 2660 hos
546 2599 668 2660 civitate
688 2599 825 2658 Romana
845 2599 972 2659 donatos
994 2609 1107 2677 patrem
1130 2601 1191 2659 cire
1213 2620 1316 2661 omncs
1338 2609 1453 2661 tantum
1482 2603 1581 2674 abest,
1610 2610 1644 2660 nt

315 2705 459 2777 offendat,
486 2711 520 2761 ut
541 2703 616 2762 adeo
638 2702 838 2762 coniecturam
868 2703 1035 2775 confirmet3
1063 2721 1146 2776 nam,
1174 2711 1206 2760 ut
1232 2704 1307 2763 bene
1334 2705 1450 2763 monuit
1471 2703 1642 2763 Huclscnns

315 2817 425 2879 noster,
447 2805 548 2865 nullus
569 2823 670 2864 eoram
693 2813 807 2881 patrem
828 2805 919 2864 habet
939 2808 1131 2882 praenomine
1154 2806 1284 2880 diverso,
1307 2807 1336 2864 id
1361 2807 1441 2883 quod
1467 2806 1643 2883 praesertim

315 2912 346 2968 in
367 2909 455 2968 titulo
477 2909 542 2967 eius
563 2909 685 2980 aetatis,
716 2925 776 2983 qua
796 2909 1019 2984 praenominum
1046 2927 1120 2968 usus
1143 2909 1239 2968 adhuc
1266 2910 1353 2986 plene
1379 2909 1510 2988 vigebat,
1532 2908 1645 2967 indicat

315 3021 415 3091 patres
437 3031 476 3070 ex
497 3010 578 3069 bona
597 3019 681 3088 parte
703 3011 829 3069 ficticios
851 3027 920 3070 esec
940 3019 971 3070 et
990 3031 1050 3069 nna
1064 3030 1130 3070 cum
1145 3012 1224 3070 tribu
1239 3021 1269 3070 et
1284 3013 1404 3071 civitate
1418 3007 1643 3089 adsumpt0s1).

358 3112 486 3173 (lainam
507 3113 598 3173 tribui
619 3113 707 3172 huius
729 3113 848 3191 generis
870 3113 982 3172 tirones
1003 3113 1251 3185 adscriberentur,
1274 3114 1339 3172 sine
1360 3114 1451 3173 dubio
1474 3131 1583 3190 magna
1604 3131 1645 3171 ex

316 3226 401 3294 parta
421 3218 459 3276 ab
481 3215 605 3274 arbitrio
627 3216 817 3292 imperatorie
841 3215 889 3273 vel
911 3216 966 3274 sub
988 3234 1023 3274 eo
1045 3215 1119 3274 haec
1141 3217 1273 3275 curantis
1295 3216 1453 3292 pendebat,
1475 3233 1571 3292 neque
1586 3233 1644 3274 noe

316 3327 395 3377 certe
410 3336 597 3395 quaeremus,
610 3319 636 3378 si
651 3320 772 3395 omnino
787 3316 824 3374 de
840 3335 876 3374 ea
890 3337 922 3376 re
937 3318 1076 3394 quaestio
1091 3317 1205 3376 institui
1217 3327 1325 3394 potest,
1338 3337 1391 3376 cnr
1402 3317 1567 3378 Tavienses
1582 3328 1644 3376 tres

316 3422 347 3478 in
367 3418 503 3498 Sergiam
523 3420 610 3480 relati
625 3421 695 3491 sint,
717 3419 895 3480 Nicaeensis
910 3421 941 3477 in
955 3419 1121 3496 Papiriam,
1143 3421 1277 3498 Paphius
1293 3421 1323 3480 in
1339 3421 1511 3493 Aniensem,
1530 3420 1645 3480 Parae·

316 3523 460 3582 toniensis
473 3524 504 3582 in
516 3523 686 3599 Pupiniam.
708 3522 778 3582 Non
794 3541 864 3583 casn
879 3531 978 3580 tamen
993 3523 1105 3581 lactum
1120 3531 1175 3594 est,
1191 3523 1269 3598 qnod
1285 3522 1373 3599 longe
1387 3522 1521 3599 plerique
1537 3522 1644 3580 horum

316 3625 443 3683 rnilitum
460 3627 652 3685 inveniuntur
665 3625 809 3702 adscripti
821 3625 946 3696 Polliae,
958 3643 1054 3701 neque
1068 3627 1099 3682 id
1114 3633 1206 3684 totum
1219 3643 1328 3684 novum
1341 3633 1397 3685 est.
1419 3624 1553 3682 Eandem
1565 3625 1644 3682 enim

317 3729 428 3786 tribum
449 3747 520 3806 prae
543 3747 576 3787 se
590 3729 691 3786 ferunt
705 3727 822 3800 milites,
844 3727 953 3803 quibus
967 3745 1023 3803 pro
1037 3728 1152 3804 origine
1167 3737 1267 3787 castra
1281 3727 1433 3805 adscripta
1447 3734 1527 3798 sunt,
1549 3725 1646 3784 adhuc

317 3832 379 3889 noti
401 3849 514 3905 omnes,
537 3849 633 3908 neque
655 3848 907 3907 supervacaneum
930 3831 987 3888 erit
1008 3829 1145 3907 exempla
1166 3830 1263 3889 adhuc
1281 3830 1401 3889 inventa
1416 3823 1644 3906 componere2).

317 4024 522 4034 ——-

377 4163 400 4227 ¹)
420 4164 491 4214 Haec
509 4163 705 4229 praenominum
724 4163 804 4228 patris
823 4161 920 4228 filiique
938 4163 1004 4214 ratio
1024 4163 1102 4215 etiam
1125 4162 1202 4214 latius
1225 4161 1351 4229 pervenit.
1395 4161 1467 4213 Inter
1489 4161 1647 4227 legionarios

318 4258 406 4307 titulos
425 4257 526 4307 saeculo
545 4257 630 4322 primo
649 4257 758 4320 scriptos
777 4271 841 4321 qnos
866 4257 989 4308 habemus
1014 4259 1058 4322 qui
1079 4256 1157 4320 longe
1181 4257 1292 4321 primum
1317 4257 1402 4306 locum
1428 4263 1516 4305 tenent
1534 4256 1646 4319 Mogon-

318 4351 451 4411 dacenses,
471 4365 504 4399 ex
523 4350 657 4414 sexaginta
675 4355 773 4414 septem
785 4348 951 4399 Brambschii
969 4366 994 4400 n.
1007 4350 1188 4400 llll—1225
1208 4363 1363 4414 praenomen
1377 4355 1513 4413 utromque
1527 4349 1647 4412 ponenti-

319 4443 365 4492 bus
384 4441 455 4492 xm
473 4448 571 4491 tantam
591 4449 724 4506 paternum
744 4455 762 4491 a
779 4441 826 4490 lilii
845 4441 972 4492 diversum
996 4441 1105 4501 habent,
1129 4441 1197 4490 idem
1216 4440 1287 4491 LlV.
1329 4441 1389 4490 Iure
1412 4441 1473 4490 inde
1497 4441 1646 4504 colligemus

319 4535 345 4583 in
360 4534 400 4584 bis
414 4549 515 4600 quoque
528 4535 673 4599 complures
687 4541 773 4598 patres
786 4534 914 4584 recenseri
927 4550 985 4584 cum
998 4533 1100 4583 civitate
1114 4539 1140 4582 et
1152 4539 1257 4597 propter
1270 4547 1326 4582 eam
1339 4534 1403 4582 iuria
1416 4534 1519 4583 fictione
1532 4532 1646 4582 effectos.

320 4651 353 4661 —
373 4627 521 4677 Posteriora
539 4633 623 4677 aetate
642 4627 733 4677 iratres
753 4627 867 4677 eiusdem
886 4627 1061 4691 praenominis
1079 4626 1175 4691 passim
1194 4626 1356 4690 reperiuntur
1375 4633 1400 4674 et
1419 4632 1553 4690 paternum
1573 4637 1647 4690 prac-

319 4733 415 4770 uomen
434 4719 468 4769 ad
487 4720 554 4770 tilios
574 4733 650 4785 saepe
669 4721 707 4770 ita
724 4719 778 4770 iero
796 4718 930 4770 descendit
948 4725 976 4768 nt
995 4719 1097 4784 patroni
1115 4719 1149 4769 ad
1167 4717 1283 4769 libertos.

376 4809 403 4876 ²)
425 4809 518 4862 Castra
536 4828 589 4863 non
607 4812 736 4877 adscripta
754 4811 822 4862 tribu
841 4810 1003 4876 reperiuntur
1026 4812 1053 4860 in
1075 4810 1210 4875 privilegio
1234 4809 1296 4859 dato
1315 4825 1338 4860 a.
1354 4811 1405 4860 178
1430 4811 1509 4876 equiti
1534 4809 1648 4861 cohortis

318 4905 517 4956 INumidarum
534 4901 638 4955 Valerio
656 4901 745 4954 Valeri
754 4903 780 4968 s.
799 4900 900 4954 Valenti
918 4901 1030 4965 scamis)
1050 4903 1126 4968 (Eph.
1141 4903 1180 4952 1v
1199 4919 1225 4966 p.
1236 4902 1309 4965 504),
1329 4903 1390 4952 item
1409 4905 1504 4968 passim
1523 4903 1551 4952 in
1569 4903 1646 4952 later·

320 4998 383 5046 culis
407 5003 548 5048 casaemm
566 4997 833 5048 Lambaesitanorum.
876 4996 978 5048 Titulus
1001 4994 1051 5046 vol.
1065 4995 1132 5045 VIII
1155 5011 1180 5045 n.
1195 4993 1281 5057 2950,
1308 5009 1383 5059 quem
1403 4995 1592 5048 Wilmannsius
1614 4995 1647 5044 ad

253 5117 258 5124 ·
320 5097 405 5139 caena
427 5091 520 5152 traxit,
549 5091 689 5140 secundum
714 5089 857 5154 exemplum
883 5087 1021 5141 Schmidtii
1044 5089 1080 5138 sic
1105 5088 1191 5152 potina
1215 5094 1266 5136 est:
1295 5083 1333 5136 M.
1353 5084 1448 5149 [oliab
1471 5085 1508 5138 M.
1521 5087 1559 5152 s.]
1588 5085 1648 5137 Pol.

323 5177 435 5246 Cast[as]
455 5198 508 5232 cor.
528 5180 659 5248 te9.1[11
675 5181 754 5247 Aug]
