3492 5932
347 401 420 472 408
781 418 1056 470 Annrrsnnurn
1081 417 1167 469 von
1182 417 1249 468 vin

349 592 416 653 765
445 595 475 652 in
497 592 597 670 lapide
619 593 680 651 alto
704 591 840 666 m.1‚09,
863 591 923 650 lato
939 592 1025 662 0,35;
1047 611 1110 669 rep.
1134 590 1293 650 Lambaesi
1315 590 1345 648 in
1366 590 1442 648 foro.

910 817 1113 860 PROVIDEN

910 918 1114 962 TISSIMOET

911 1023 987 1064 CVM
1017 1021 1115 1063 ORBE

910 1124 991 1166 SVO
1033 1123 1115 1165 RED

913 1226 993 1268 ntra
1016 1226 1116 1267 LIBER

911 1328 1017 1370 ΤΑΤΕ
1055 1329 1114 1368 ‘rut

911 1429 1116 1471 VMFANTI

911 1531 1117 1573 DNPERPIMP

911 1634 958 1676 CA}
986 1632 1116 1675 VALERIO

914 1734 1118 1778 CONSTANTIS

912 1836 1117 1880 CAESARIS

912 1937 1118 1982 INVICTO

913 2043 927 2082 P
971 2042 986 2083 F
1028 2041 1118 2082 AVG

914 2143 1119 2186 VICTOR!

847 2253 871 2291 15
915 2243 1119 2287 laeswe-L

353 2453 464 2511 Poulle
484 2471 539 2511 rec.
563 2455 597 2510 dc
621 2450 716 2510 Currat.
736 2449 830 2508 XXII
852 2468 880 2525 p.
898 2446 958 2506 396
980 2449 1096 2506 η.159.

394 2555 542 2613 9.10.11
569 2562 619 2613 aut
641 2553 717 2612 male
742 2552 860 2627 excepti
884 2559 952 2609 sunt
974 2561 1027 2608 aut
1048 2550 1170 2626 antiqua
1191 2557 1289 2609 aetate
1311 2550 1492 2630 interpolati.

463 2785 1170 2798 .-...—..-—-—--——————-——-—————·—-—

354 2978 425 3040 766
448 2977 608 3040 Lambaesi
630 2979 661 3037 in
683 2977 748 3036 foro
771 2999 833 3057 rep.

819 3269 949 3345 (Tectum
971 3271 1035 3328 vids
1050 3288 1122 3346 paq.
1146 3269 1218 3346 seq.)

395 3559 515 3620 Nomen
535 3557 573 3616 L.
589 3555 672 3618 Silici
695 3559 766 3618 Rufi
789 3559 814 3617 si
838 3567 916 3617 recte
939 3577 1032 3636 supra
1053 3577 1081 3617 n.
1096 3557 1154 3618 749
1178 3559 1305 3630 restitui,
1328 3576 1405 3634 quae
1427 3557 1476 3616 hic
1497 3555 1583 3618 vr.9
1606 3573 1678 3631 seqq.
1722 3567 1723 3636 }

353 3663 564 3740 praedicantur
587 3661 623 3719 de
644 3661 727 3720 curia
748 3662 794 3720 rel
817 3661 928 3739 templo
954 3661 1067 3720 ordinis
1096 3661 1145 3736 (cf.
1170 3679 1261 3736 supra
1282 3681 1310 3719 n.
1327 3660 1387 3720 279
1411 3681 1438 3718 r.
1454 3657 1494 3717 90
1524 3661 1633 3718 ordinis
1657 3663 1681 3714 ir
1722 3651 1723 3660 ’

354 3765 468 3841 templo)
500 3764 531 3821 in
558 3764 711 3823 meliorem
739 3772 848 3823 statum
875 3763 1051 3834 reformato,
1084 3763 1239 3822 referenda
1266 3770 1335 3822 sunt
1366 3763 1404 3820 ad
1429 3763 1577 3840 templum
1608 3759 1681 3836 qnod
1722 3799 1723 3832 ᾖ

352 3868 505 3943 hucusque
527 3866 681 3926 dicebatur
702 3865 799 3938 Iovis,
825 3867 986 3926 restaurari
1010 3875 1146 3942 coeptum
1168 3865 1400 3942 imperatoribus
1423 3863 1637 3924 Valentiniano
1657 3873 1681 3920 et
1722 3879 1723 3890 ³

354 3968 493 4042 Valente,
516 3968 568 4027 sed
588 3968 716 4044 posthac
732 3969 945 4028 continuatum.
981 3966 1039 4026 Cui
1053 3968 1187 4045 opinioni
1204 3967 1417 4028 adminiculum
1431 3967 1500 4026 inde
1516 3967 1681 4034 succrescit

355 4071 434 4148 quod
461 4071 579 4143 titulus,
611 4071 662 4148 qui
690 4071 799 4148 prioris
825 4071 1053 4130 restaurationis
1079 4079 1202 4128 curante
1224 4069 1356 4130 Variana
1386 4069 1484 4130 iactae
1515 4070 1683 4130 memoriam

355 4181 457 4234 servat
477 4172 520 4248 (n.
538 4171 623 4250 729),
645 4173 723 4250 pilae
746 4181 860 4232 tantum
882 4173 1045 4250 inscriptus
1068 4181 1113 4232 est
1128 4173 1235 4232 litteris
1257 4172 1392 4249 parvulis
1410 4180 1440 4231 et
1452 4173 1561 4232 leviter
1575 4170 1683 4240 incisis,
1722 4207 1723 4212 κ

322 4309 323 4312 =
355 4286 460 4336 contra
481 4276 556 4335 alter
582 4274 678 4351 [Ru]fi
700 4276 737 4334 ad
760 4277 859 4352 operis
882 4276 1092 4352 perfectionem
1116 4283 1146 4334 et
1167 4274 1385 4334 dedicationem
1406 4275 1560 4352 pertinens
1581 4272 1682 4332 litteris
1722 4315 1723 4354 3

356 4378 497 4438 maximis
518 4379 551 4437 in
572 4377 721 4455 epistyliis
743 4379 872 4454 scriptus
900 4379 1083 4437 cernebatur.
1131 4378 1234 4455 Atque
1259 4377 1319 4438 illis
1347 4378 1530 4455 temporibus
1557 4375 1683 4453 proiecto

355 4500 416 4541 non
437 4487 522 4540 erant
542 4479 629 4539 multi
650 4481 732 4540 cives
747 4479 980 4554 Lambaesitani,
1002 4482 1052 4559 qui
1074 4481 1127 4539 tali
1149 4481 1232 4556 operi
1248 4481 1311 4542 suis
1328 4481 1494 4558 sumptibus
1508 4477 1683 4558 perficiendo

357 4567 539 4656 sufficerent,
561 4591 595 4641 ut
616 4582 687 4642 tecit
707 4581 743 4641 L.
767 4580 888 4643 Silicius
911 4583 1017 4643 Rufus.
1068 4581 1132 4642 Nec
1153 4593 1283 4656 restant,
1305 4584 1386 4660 quod
1408 4583 1517 4656 sciam,
1540 4583 1617 4642 aliae
1638 4599 1685 4658 pa·

356 4687 495 4758 rictinae,
527 4703 603 4763 quae
631 4685 669 4743 ad
695 4684 807 4745 curiam
832 4687 889 4744 hac
916 4695 1013 4746 aetate
1039 4692 1221 4745 exstructam
1248 4695 1316 4762 apte
1342 4686 1514 4747 referamus.
1569 4684 1683 4744 Curiam

358 4808 428 4848 vero
450 4788 565 4848 ordinis
587 4789 655 4847 istis
677 4787 742 4847 dcis
765 4797 966 4848 consecratam
989 4788 1080 4848 fuisse
1100 4808 1160 4847 non
1175 4789 1268 4848 estin
1283 4807 1343 4866 quo
1359 4788 1554 4848 offendamus.
1590 4787 1684 4845 Etiam

357 4891 486 4950 bonores
510 4891 560 4968 qui
581 4890 661 4949 Rufo
683 4891 886 4950 attribuuntur
912 4891 942 4948 in
964 4893 1023 4950 hoc
1045 4892 1130 4950 titulo
1153 4899 1183 4949 et
1205 4909 1297 4969 supra
1317 4891 1347 4950 in
1377 4913 1404 4950 n.
1424 4891 1496 4962 749,
1523 4891 1601 4949 bene
1622 4905 1684 4946 con·
1722 4921 1723 4968 p

357 4993 481 5053 veniunt
501 5012 568 5053 cum
591 4994 763 5053 coniectura
785 5013 803 5051 a
824 4993 909 5053 nobis
932 4994 1088 5071 proposita
1110 4995 1139 5052 in
1162 5003 1289 5070 utroque
1310 4993 1535 5052 commemorari
1565 4989 1684 5050 eandem

357 5094 518 5168 hominem,
540 5105 570 5155 et
591 5095 675 5154 illurn
700 5104 800 5168 antea,
823 5097 901 5155 hunc
922 5097 1074 5173 aliquanto
1097 5097 1318 5174 postpositum
1340 5115 1416 5155 esse.
1722 5083 1723 5090 ¹
