3492 5932
346 457 418 526 372
779 479 1057 530 nooruausuua
1084 479 1166 530 vou.
1183 481 1251 530 utu
1557 485 1650 535 saa-eto

1035 582 1041 587 .
1062 582 1645 594 ——-..-——-——--——....—--—-————,

682 740 875 800 LXXIIlaa.
920 740 1085 801 CELLAE
1113 742 1187 818 (Ain
1209 743 1345 820 Zuarin).

383 912 420 971 ln
441 911 603 970 itinerariis
625 910 883 987 monumentisque
906 912 1118 970 ecclesiasticis
1147 913 1205 970 tria
1232 913 1419 989 reperiuntur
1444 913 1553 988 quibus
1571 912 1655 974 Cellae

342 1035 451 1075 nomen
474 1015 530 1073 fuit
551 1013 677 1092 oppida,
707 1032 796 1072 unum
819 1015 991 1090 provinciae
1013 1015 1205 1090 Byzaceuae‚
1233 1033 1310 1090 quae
1330 1015 1363 1073 in
1388 1015 1543 1073 itinerario
1563 1019 1655 1076 Autou.

341 1137 370 1194 p.
388 1117 427 1175 50
450 1126 660 1194 nuncupantur
685 1115 783 1175 Cellae
805 1115 984 1189 Picent-inae,
1013 1117 1136 1175 alterum
1159 1118 1366 1176 Mauretaniae
1388 1115 1539 1177 Sitifensis
1564 1117 1608 1191 (ef.
1628 1117 1655 1177 0.

340 1241 369 1298 p.
384 1218 468 1295 747),
491 1220 610 1277 tertium
626 1219 796 1294 provinciae
811 1219 1046 1296 proconsularis,
1070 1219 1108 1278 ad
1123 1219 1204 1294 quod
1218 1220 1346 1295 pertinet
1361 1219 1525 1296 Cyprianus
1539 1218 1656 1278 Cellenais

340 1324 500 1400 episeopus
523 1324 560 1381 ab
578 1320 729 1380 Hunerioo
751 1340 821 1398 rege
843 1322 1017 1380 inexilium
1039 1323 1150 1381 missus
1170 1322 1220 1397 (ul.
1240 1323 1346 1380 notitia
1367 1340 1394 1378 a.
1408 1321 1468 1380 483
1491 1323 1547 1380 sub
1566 1322 1656 1398 uti).

341 1423 416 1485 Cum
439 1427 496 1485 hoe
518 1425 623 1482 ultimo
646 1423 872 1501 coniungendos
895 1441 961 1483 esse
985 1423 1162 1483 Chellenses
1185 1422 1332 1483 Numidas
1353 1424 1405 1500 qui
1426 1425 1611 1483 nominantur
1633 1425 1659 1482 in
1728 1409 1729 1418 ἦ

339 1529 427 1586 titulo
449 1529 620 1605 nuperrime
642 1539 761 1604 reperto
784 1526 822 1584 ad
844 1528 905 1584 Ain
924 1526 1034 1585 Zuarln
1056 1524 1153 1584 Lares
1174 1528 1252 1586 iuter
1274 1535 1304 1585 et
1326 1526 1518 1586 Althiburum
1539 1525 1658 1602 equidem

339 1649 400 1689 non
422 1631 509 1690 video
537 1651 590 1689 eur
612 1647 765 1706 negemus.
815 1627 944 1688 Carolus
967 1629 1069 1688 Tissot
1096 1630 1174 1687 enim
1201 1631 1232 1687 iu
1259 1629 1366 1688 litteris
1394 1628 1433 1687 ad
1456 1628 1660 1688 Mommseuum

340 1733 443 1792 missis
466 1731 570 1792 Cellas
593 1733 648 1792 has
670 1749 815 1791 revocans
839 1731 879 1790 ad
898 1722 991 1788 Κίλλα
1019 1731 1163 1807 oppidum
1185 1741 1451 1791 commemoratum
1474 1732 1513 1791 ab
1534 1731 1659 1808 Appiano

339 1837 369 1893 in
386 1836 525 1895 Zamensi
547 1855 649 1914 pugna
671 1835 868 1894 describenda
889 1833 970 1910 (bell.
986 1833 1062 1893 Pun.
1078 1833 1132 1910 40)
1148 1832 1345 1912 Naraggarae
1360 1835 1464 1912 utique
1478 1834 1660 1913 pervieiuum,

339 1956 444 1997 vereor
466 1959 503 1997 ne
525 1939 665 2016 opinione
688 1937 865 2012 decipiatur3
888 1956 1017 2014 namque
1038 1937 1136 1995 dietus
1158 1937 1262 1997 titulus
1283 1955 1466 2014 quamquam
1480 1955 1540 2014 quo
1555 1937 1661 2016 proprie

339 2049 454 2117 spectet
476 2040 646 2117 ambiguum
669 2047 729 2112 est,
761 2058 825 2097 eum
847 2059 902 2117 pro
924 2041 1050 2098 termino
1073 2059 1141 2098 eum
1163 2057 1232 2100 esse
1254 2059 1341 2099 nemo
1363 2058 1425 2099 non
1451 2039 1606 2112 concedat,
1631 2057 1662 2095 eo

340 2144 428 2202 situm
457 2142 558 2219 oppidi
585 2142 711 2201 indicari
744 2143 781 2200 ab
808 2143 888 2214 loeo,
923 2162 983 2218 quo
1013 2143 1154 2201 inventus
1186 2151 1246 2215 est,
1280 2161 1340 2201 non
1370 2142 1460 2221 longe
1491 2143 1662 2202 disiunctum

338 2245 472 2305 mihimet
494 2246 611 2304 videtur
632 2254 782 2318 constare,
805 2264 860 2304 neo
881 2245 1044 2304 verisimile
1066 2265 1133 2304 eum
1155 2264 1191 2303 eo
1214 2246 1361 2323 perlatum
1385 2262 1493 2305 ossea
1515 2244 1582 2303 loeo
1603 2242 1663 2320 plus

339 2348 378 2407 35
400 2347 518 2406 milibus
542 2348 680 2407 distante.
728 2349 822 2407 Immo
850 2359 902 2406 aut
924 2339 1032 2405 Κίλλαν
1061 2349 1150 2407 istam
1179 2349 1217 2408 ab
1243 2349 1289 2406 hir
1313 2346 1407 2407 Cellis
1430 2346 1580 2406 diversam
1604 2362 1664 2404 esse

337 2459 389 2510 eut
411 2451 581 2528 Appianum
603 2451 715 2509 falsum
737 2451 889 2510 rettulisse
911 2450 1067 2510 dicendum
1089 2452 1154 2510 erit.

338 2608 409 2670 639
442 2628 503 2686 rep.
527 2609 566 2668 ad
587 2609 649 2666 Ain
671 2608 797 2681 Zoarin,
820 2611 839 2666 ὰ
861 2610 934 2667 deus
954 2627 990 2666 ou
1011 2611 1082 2668 troie
1105 2609 1155 2668 leil.
1179 2629 1217 2668 aa
1238 2607 1361 2668 N.N.E.
1384 2608 1526 2680 d’Etta,
1552 2609 1625 2666 dana
1644 2607 1666 2663 la

378 2730 443 2770 mar
464 2712 556 2772 d’ane
576 2715 687 2772 maison
708 2712 797 2772 arabe
818 2720 1012 2789 apparteaant
1033 2730 1073 2771 aa
1095 2711 1174 2770 elale
1195 2710 1317 2771 δικαία.

864 2864 1148 2908 casalenses

864 2971 885 3010 N
912 2969 980 3009 VM
1005 2969 1013 3009 l
1041 2968 1061 3008 D
1087 2971 1106 3010 Α
1133 2969 1149 3008 Ε

862 3070 1147 3114 ΡΕΕΕΕΧΗΙΙΦ

336 3191 494 3270 Descripsi
517 3195 555 3253 ad
577 3203 714 3271 eetypum
738 3193 809 3251 milri
832 3194 1093 3253 subministratum
1116 3211 1135 3250 a
1150 3189 1298 3269 Cognato,
1318 3191 1372 3268 qui
1391 3189 1495 3263 edidit,
1520 3198 1668 3267 acceptum

336 3315 354 3353 a
374 3295 454 3373 Roy,
477 3307 600 3373 rapport
618 3297 649 3354 ll
671 3317 700 3373 p.
715 3297 774 3356 too
795 3316 824 3353 n.
842 3295 911 3355 247.

495 3453 1153 3460 ——.-...-—-—-——---—-—-—-—---.·-—-
1518 3451 1634 3458 ——-
1646 3449 1666 3454 -ι

761 3572 892 3633 LXXV.
935 3571 1078 3633 El-Lele
1101 3573 1144 3650 (p.
1161 3571 1244 3648 210).

376 3709 485 3768 Vicum
500 3709 624 3770 el·Lehs
647 3728 713 3770 esee
728 3712 883 3790 antiquam
899 3712 1023 3771 Zamam
1038 3711 1165 3789 Regiam
1181 3710 1283 3786 opinio
1304 3709 1363 3768 fuit
1377 3708 1575 3782 Wilmaunsi,
1597 3723 1670 3784 quae

333 3831 388 3871 eur
408 3830 488 3871 nune
509 3812 646 3873 rideatur
667 3813 823 3874 abicienda
844 3833 911 3875 esse
933 3815 1061 3894 exposui
1084 3831 1177 3891 supra
1197 3832 1226 3891 p.
1245 3811 1307 3870 280
1323 3830 1385 3890 seq.

334 3968 408 4029 040
430 3969 582 4048 inlepide
603 3972 666 4031 alto
687 3992 726 4031 m.
741 3973 822 4046 0,50,
844 3973 905 4031 lato
920 3973 1003 4046 0,70,
1024 3972 1081 4031 litt.
1099 3971 1186 4047 0,04;
1209 3989 1271 4046 rep.
1288 3967 1421 4029 el-Lehs
1443 3988 1543 4048 supra
1562 3971 1669 4030 fontem

376 4072 494 4133 aedium
515 4075 622 4152 parieti
642 4075 787 4136 immisso.

692 4212 812 4272 lvuoul
833 4243 839 4256 ·
863 4228 961 4271 ulvius
977 4242 983 4256 ·
999 4212 1143 4272 avovsTr
1161 4243 1167 4256 ·
1184 4227 1307 4271 sacrun

693 4333 730 4372 a·
755 4329 937 4374 rassreuo·
960 4332 1065 4374 avro·
1090 4329 1306 4373 turerarous

755 4433 913 4476 nearcsra
937 4419 1035 4476 lllll
1051 4432 1260 4476 oertusura

757 4535 1281 4580 cu·corueurvs·cu·r·c0a·rvrvs

659 4641 671 4680 s
757 4637 1168 4682 armantur-restructa

810 4741 1062 4785 conservari

756 4843 1193 4887 vora·u·u·souvour

331 4967 491 5043 Exeoripsi
514 4985 552 5025 ex
574 4977 697 5043 ectypo,
725 4968 806 5043 quod
831 4968 904 5026 mihi
931 4966 1012 5027 misit
1038 4967 1063 5024 I.
1085 4965 1244 5038 Poinssot‚
1270 4967 1322 5042 qui
1347 4964 1426 5024 edid.
1456 4965 1533 5025 boll.
1559 4967 1674 5025 cl'Oras

331 5069 405 5129 iaso.
422 5071 442 5128 4
463 5090 492 5147 p.
505 5068 566 5128 260
587 5089 615 5127 n.
631 5070 668 5128 91
693 5077 723 5128 et
744 5071 811 5128 tull.
830 5075 890 5129 erit.
901 5071 947 5130 IV
969 5067 1079 5146 (1883)
1101 5089 1130 5147 p.
1148 5069 1207 5128 239
1231 5075 1261 5126 et
1283 5069 1351 5128 hall.
1368 5070 1459 5146 e'pipr.
1476 5069 1516 5128 de
1533 5069 1567 5129 lo
1583 5069 1675 5130 Gaude

331 5172 379 5232 III
401 5171 510 5249 (1883)
533 5172 651 5249 p.150;
674 5172 714 5231 sd
735 5171 865 5232 eiusdem
887 5171 1056 5249 exemplum
1081 5171 1185 5232 Tissot
1206 5173 1345 5232 troisidme
1364 5181 1491 5250 rapport
1513 5191 1545 5250 p.
1566 5175 1615 5232 10.
