3524 5932
58 520 110 568 ree
485 513 712 568 svcrnmvn.
767 515 925 568 nonam.
1304 493 1373 568 601

89 689 199 748 Titulus
222 690 347 750 artificis
369 708 435 748 oum
458 691 501 749 ita
522 699 666 750 exaratus
695 691 748 764 sit,
777 699 809 750 ut
835 691 984 750 secundos
1010 709 1117 751 versus
1144 691 1291 767 utrimque
1318 709 1377 749 una

55 792 136 849 littera
157 793 277 851 brevior
299 794 338 851 sit
360 811 447 869 quam
465 794 556 869 prior,
579 794 605 852 si
620 791 732 852 Latina
751 793 841 852 simili
857 794 1068 870 aequabilitate
1084 794 1232 870 disposita
1245 793 1376 865 fuerunt,

55 895 79 951 in
99 895 235 970 principio
258 913 365 954 versus
396 896 503 971 prioris
533 895 744 954 desiderantur
770 897 888 955 litterae
919 915 944 955 o.
962 893 1016 968 22,
1050 897 1187 955 nimirum
1215 913 1270 954 sex
1299 913 1375 971 quae

55 998 258 1073 respondebant
286 998 448 1074 deperditis
471 1014 595 1071 viarvr,
629 999 758 1057 sedecim
786 1009 885 1058 autem
914 1000 1043 1076 scriptae
1070 1017 1160 1075 saper
1186 999 1317 1075 spatium
1345 999 1376 1055 iu

55 1098 167 1158 secundo
190 1118 278 1158 versa
301 1110 370 1178 post
392 1115 474 1160 aneo
497 1120 622 1160 vacuum
646 1102 792 1160 relictum.
830 1099 891 1160 Sed
906 1109 1007 1177 potest
1020 1102 1089 1158 item
1108 1119 1211 1160 versus
1227 1101 1375 1160 secundas

53 1203 150 1277 pariter
170 1211 259 1279 atque
282 1205 397 1279 primus
421 1222 439 1260 a
461 1204 596 1278 margine
617 1204 785 1280 incepisse3
808 1223 915 1281 parum
937 1204 1029 1280 igitur
1052 1209 1170 1263 constat
1191 1202 1228 1261 de
1250 1223 1374 1261 numero

53 1303 200 1363 litterarum
225 1305 455 1381 deperditarum.
500 1305 603 1364 Prima
624 1306 725 1364 littera
747 1325 766 1363 a
788 1305 953 1365 Reinaohio
975 1307 1006 1364 in
1029 1325 1061 1364 re
1083 1306 1235 1384 praesenti
1259 1307 1302 1364 sic
1323 1325 1374 1364 ex·

52 1416 125 1482 cepta
144 1424 244 1478 svm,
268 1427 334 1466 eum
357 1410 387 1465 in
411 1417 517 1485 ectypo
540 1417 678 1466 cernatur
694 1387 813 1482 Aen,
836 1417 936 1484 potest
957 1408 1053 1467 luisse
1076 1426 1083 1466 ι
1108 1409 1155 1468 vel
1177 1426 1208 1466 τ.

85 1509 309 1585 inscriptionem
337 1511 426 1586 plane
454 1510 637 1589 singularem
668 1511 711 1570 sic
738 1513 844 1588 opinor
870 1511 1131 1588 redintegrandam
1159 1528 1226 1570 esse
1256 1512 1374 1570 nomine

51 1612 152 1669 seilicet
174 1613 304 1690 exempli
327 1631 420 1672 eausa
441 1615 555 1688 posito:
579 1613 627 1690 [0.
645 1613 774 1670 Mariana
794 1612 825 1671 0.
842 1615 869 1687 f.
894 1613 1029 1690 legebam
1043 1613 1244 1671 Alexandreae
1262 1612 1375 1672 Italiaei

51 1719 105 1788 quei
122 1716 205 1788 suere
231 1714 305 1790 [eam
332 1734 362 1773 eo
389 1717 428 1773 ibi
453 1715 580 1791 virtat]is
609 1717 776 1791 benefialqae
803 1733 878 1790 erpo.
933 1708 1032 1793 [Γάιον
1060 1707 1166 1798 Μάριον
1194 1707 1279 1772 Γαίου
1309 1738 1373 1795 πρε-

50 1808 182 1894 ru‘ieo]rriv
205 1817 228 1876 ei
251 1816 278 1874 ἒν
292 1809 498 1900 Ἀλεξανδρείᾳ
521 1811 588 1894 [raia
611 1811 691 1894 αὐτῷ
713 1809 855 1894 ‘perciacum
872 1807 1011 1895 lralun]ai
1031 1813 1132 1898 ἀρετῆς
1146 1806 1194 1873 uei
1210 1809 1376 1899 εὐεργεσίας

50 1907 171 1997 [ἕνεκεν]Ι
209 1921 411 1980 Accusativus
434 1939 489 1997 pro
512 1919 612 1978 dativo
627 1917 745 1977 Latinis
768 1919 859 1979 solito
882 1939 941 1979 uon
958 1920 1085 1978 offendit
1098 1920 1130 1978 in
1145 1920 1232 1977 titulo
1248 1920 1374 1998 bilingui

49 2020 174 2079 dedicato
197 2025 227 2080 in
253 2021 396 2094 Graecia;
431 2021 570 2081 similiter
596 2023 627 2079 in
650 2022 766 2099 Argivo
790 2021 824 2080 Ο.
840 2022 901 2094 ΙΙΙ,
925 2023 985 2081 532
1014 2021 1149 2080 dedicato
1177 2040 1204 2082 a.
1224 2044 1250 2080 a.
1267 2041 1292 2080 c.
1314 2023 1373 2082 687

47 2121 177 2198 legimus:
207 2125 241 2194 Q.
264 2125 430 2184 diuortium
457 2125 491 2195 Q.
515 2125 552 2202 [s.
577 2125 693 2200 Repem]
715 2125 830 2182 Italicai
851 2127 916 2200 quei
936 2124 1130 2200 nepotiaa[tur
1153 2124 1280 2201 Arpeie],
1302 2125 1374 2183 item

47 2215 150 2282 Ke'wrcu
170 2216 340 2307 blace'pauo[v·
354 2217 487 2304 Keiv]ree
511 2221 570 2283 υἱδν
589 2223 684 2303 Ῥῆγα
704 2218 875 2303 Ἰταλ[ικοι’]
898 2237 953 2286 cet.
978 2259 1019 2269 -
1041 2225 1090 2284 Ad
1115 2227 1237 2302 legatum
1259 2235 1288 2286 el
1310 2249 1374 2310 πρε-

48 2317 165 2397 σβευτήν
187 2348 253 2386 eum
271 2329 400 2405 vestigia
415 2329 526 2387 ducunt
548 2337 608 2387 tum
632 2329 735 2386 titulus
752 2328 828 2385 alter
839 2328 983 2387 Deliacos
999 2327 1048 2404 (C.
1062 2329 1086 2386 Ι.
1101 2327 1155 2387 Gr.
1170 2327 1287 2405 2285b)
1308 2348 1374 2388 eum

46 2429 94 2486 boe
115 2451 150 2488 eo
173 2440 252 2489 certe
274 2433 395 2490 nomine
417 2432 603 2502 coniunctus,
627 2429 706 2507 quod
726 2431 890 2488 statuarius
906 2431 983 2488 idem
1000 2431 1187 2508 subscriptus
1204 2440 1265 2490 est:
1288 2425 1374 2489 Γοῖιον

45 2527 178 2602 Βθλιηνὲν
204 2525 291 2591 Palea
320 2528 378 2591 δεδι)
407 2525 590 2617 πρεσβευτὴν
616 2529 746 2598 Ῥωμαῖοι
776 2531 799 2589 ei
828 2531 855 2589 ἓν
884 2523 968 2607 Δήλῳ
996 2523 1178 2615 ἐργαζὸμενοε
1207 2525 1373 2617 εὐεργεσίας

45 2621 126 2689 ἕνεκεν
147 2637 198 2705 τῆς
219 2634 258 2696 εἷς
280 2629 398 2698 ἑαυτούς
420 2625 578 2704 ἀνέθηκαν.
622 2625 938 2711 ΑγασῖαςΜηνοφῖλου
958 2624 1091 2712 Ἐφέσιος
1113 2627 1207 2703 ἐποίεε,
1226 2627 1375 2718 ’cipimu-

45 2729 100 2817 ὁρας
121 2727 227 2798 Σκᾶπα
246 2729 350 2818 Πάριος
371 2728 613 2814 ἕπεσκεόασενὶ).
639 2771 673 2781 -
701 2735 786 2810 Quae
809 2745 974 2813 sequuntur
995 2737 1087 2797 verba
1108 2739 1228 2815 linguae
1246 2737 1375 2797 Latinae

44 2836 115 2915 leges
139 2859 198 2898 non
221 2841 324 2899 sinunt
345 2841 388 2898 ita
409 2840 519 2917 accipi,
547 2840 634 2916 quasi
658 2840 801 2917 scriptum
823 2840 901 2898 foret
922 2841 1036 2899 Italiaee'
1060 2845 1124 2916 qaei
1139 2842 1224 2915 suere
1245 2839 1374 2901 Aleman-

43 2941 137 3010 dreae;
162 2961 232 3001 nam
256 2944 293 3002 ab
316 2943 461 3001 eiusmodi
483 2943 718 3020 transpositione
741 2960 840 3000 sermo
867 2942 1018 3019 legitimus
1045 2943 1198 3016 abhorret,
1227 2961 1281 3002 nee
1306 2963 1374 3021 per-

43 3043 144 3102 lectum
166 3046 211 3102 ita
232 3055 312 3104 reete
336 3045 465 3121 positum
489 3052 543 3116 est,
566 3063 633 3102 oum
655 3045 746 3104 hosce
769 3045 871 3103 titulos
894 3044 1032 3103 dedicare
1055 3045 1169 3104 soleant
1190 3045 1240 3120 qui
1264 3045 1374 3103 alicubi

42 3151 193 3204 consistant
214 3146 261 3204 vel
283 3150 473 3224 nepotiantar.
511 3148 561 3204 Ab
583 3147 679 3205 altera
701 3155 797 3205 autem
822 3156 906 3223 parte
922 3146 1122 3206 Alexandreae
1144 3147 1169 3204 si
1185 3147 1375 3224 coniungitur

42 3265 100 3304 eum
123 3248 161 3306 iis
184 3267 262 3324 quae
284 3247 474 3326 praecedunt,
499 3255 531 3306 ut
554 3249 675 3307 omnino
698 3249 877 3326 iungendum
901 3258 956 3320 est,
978 3251 1072 3308 verba
1086 3249 1201 3308 Italicei
1216 3252 1374 3326 queiscere

41 3350 174 3410 absolute
198 3353 297 3426 posito
320 3352 469 3430 quomodo
486 3351 629 3426 explicari
652 3353 774 3428 possint
795 3370 853 3409 non
876 3352 1040 3428 perspicio;
1063 3371 1132 3410 nam
1155 3351 1191 3410 de
1212 3370 1271 3428 quo
1294 3351 1376 3429 cogi-

43 3453 94 3509 tavi
119 3453 243 3512 Italicos
266 3456 468 3530 negotiatores
491 3455 603 3511 maiore
626 3473 664 3511 ex
686 3463 771 3528 purte
792 3451 893 3513 Latini
916 3454 991 3512 iuris
1014 3454 1150 3513 homines
1173 3454 1292 3512 civitate
1321 3455 1376 3511 im·

40 3565 155 3630 petrata
177 3567 249 3631 post
269 3557 380 3614 bellum
404 3558 516 3615 sociale
538 3557 693 3632 antiquum
717 3573 823 3614 nomen
846 3575 913 3616 cum
936 3574 1016 3615 novo
1039 3556 1146 3614 civium
1168 3557 1375 3616 Romanorum

40 3660 266 3730 permutavisse‚
289 3659 318 3716 id
341 3678 376 3717 eo
399 3659 557 3729 refellitur,
580 3659 659 3734 quod
683 3659 788 3735 reliqui
811 3659 930 3736 quidem
954 3658 1032 3716 tituli
1054 3659 1235 3718 recentiores
1252 3665 1376 3717 utuntur
1456 3675 1457 3678 ’

41 3759 146 3818 rivium
160 3761 365 3820 Romanorum
387 3762 545 3832 vocabulo,
569 3760 620 3819 sed
643 3761 747 3819 titulus
760 3761 904 3820 Deliacos
927 3761 996 3820 anni
1013 3760 1073 3820 680
1089 3760 1170 3837 (vide
1184 3761 1220 3820 ad
1237 3760 1375 3835 mllio)

41 3870 67 3916 et
89 3864 150 3921 duo
173 3863 253 3921 tituli
276 3864 382 3939 Argivi
405 3865 474 3922 anni
492 3863 551 3922 685
575 3863 625 3939 (Q.
646 3862 770 3923 Caecilia
787 3863 817 3922 C.
835 3866 863 3939 s.
878 3863 984 3921 Matala
1006 3867 1175 3938 imperatori
1195 3863 1290 3922 Italici
1312 3866 1378 3938 quei

41 3965 142 4038 Argeia
164 3970 351 4040 negotiantur
372 3964 572 4042 c.111‚531)
596 3975 627 4024 et
641 3966 699 4024 687
724 3965 805 4041 (vide
828 3966 932 4042 supra)
955 3965 1108 4042 antiquam
1132 3966 1376 4024 consuetudinem

40 4068 176 4140 retinent,
200 4069 367 4144 retinetque
389 4069 460 4126 item
484 4078 585 4126 auctor
604 4066 806 4126 Caesarianus
829 4068 893 4126 bell.
910 4067 977 4144 Asr.
996 4069 1044 4126 36.
1087 4069 1251 4128 Praeterea
1272 4069 1376 4125 haere-

39 4187 99 4226 mos
122 4172 155 4228 in
172 4167 311 4240 Graecis,
337 4188 414 4246 quae
436 4171 519 4230 hisee
535 4168 653 4228 Latinis
677 4169 857 4245 respondere
879 4189 974 4246 paene
996 4179 1108 4229 certum
1130 4178 1189 4242 est;
1212 4189 1280 4229 nam
1297 4169 1377 4246 quod

38 4283 174 4348 superest
198 4271 222 4328 ei
243 4269 272 4328 ἐν
291 4265 497 4354 Ἀλεξανδρείᾳ
521 4314 612 4331 .....
626 4295 648 4329 οι
670 4273 800 4330 ostendit
822 4271 938 4329 titulum
962 4273 1093 4349 positum
1118 4291 1186 4332 esse
1208 4275 1246 4331 ab
1261 4271 1375 4330 Italicis

38 4376 223 4434 irrorantibus
246 4375 408 4433 moratisre
425 4375 643 4433 Alexandreae.
682 4373 739 4432 His
762 4374 989 4432 difficultatibus
1013 4375 1055 4433 ita
1076 4375 1195 4433 obviam
1217 4376 1261 4431 ire
1284 4373 1376 4445 volui,

37 4490 63 4532 ot
85 4477 172 4536 urbis
198 4477 375 4534 uocabulum
398 4484 428 4534 et
446 4477 484 4535 ad
500 4477 631 4554 legatum
655 4477 816 4534 referretur
838 4484 868 4534 et
890 4476 927 4533 ad
950 4476 1073 4535 Italicos
1097 4477 1303 4554 supplemento
1326 4473 1377 4533 ad·

37 4581 124 4636 misso
156 4581 274 4638 incerto
305 4597 392 4652 sane,
430 4579 483 4638 sed
512 4580 591 4654 quod
619 4581 718 4655 ipsum
747 4597 806 4637 non
834 4576 967 4637 offendat
994 4587 1023 4637 et
1050 4579 1088 4636 ad
1115 4579 1269 4654 utriusque
1297 4577 1377 4635 tituli

37 4683 180 4759 reliquias
205 4681 294 4738 facile
316 4690 444 4759 aptetur.
462 4715 499 4724 -
517 4682 611 4740 Aetas
633 4681 711 4738 tituli
736 4681 949 4739 determinatur
971 4701 1007 4740 eo
1022 4701 1109 4758 quem
1126 4699 1217 4756 supra
1231 4679 1332 4738 rettuli
1349 4689 1379 4736 et

35 4783 158 4842 huiusce
182 4784 405 4860 quodammodo
428 4783 584 4860 gemellum
613 4799 681 4840 esso
709 4783 911 4841 demonstrari
942 4782 976 4842 O.
999 4783 1130 4842 Billieoi.
1178 4782 1270 4840 Hune
1297 4782 1376 4840 euim

35 4888 184 4945 intellexit
210 4885 382 4944 Boeckbius
410 4905 478 4945 esse
505 4884 540 4945 Ο.
562 4885 725 4944 Billienum
754 4904 821 4943 eum
851 4887 901 4960 qui
931 4892 1006 4945 teste
1034 4883 1178 4944 Cicerone
1209 4882 1308 4960 (Brut.
1326 4884 1377 4955 47,

88 5119 112 5180 ¹)
132 5117 240 5168 Eadem
260 5117 413 5182 subscriptio
434 5107 574 5185 (Ἂγιεσῖας
593 5141 617 5153 -
638 5104 816 5180 lausaniae-ev)
836 5124 874 5167 est
893 5118 920 5167 ia
939 5117 1015 5167 tertia
1034 5115 1089 5167 basi
1106 5131 1188 5182 nuper
1201 5121 1304 5181 reperta
1315 5113 1378 5165 Deli

34 5211 98 5262 edita
120 5209 187 5261 batt.
210 5207 241 5258 de
261 5224 327 5260 cerr.
347 5205 407 5258 teil.
429 5209 444 5259 5
464 5224 489 5274 p.
504 5209 567 5259 462.

111 5319 152 5381 V.
1110 5321 1148 5378 39
