3574 5942
413 459 716 514 oessuvnrrouus
733 457 1025 511 arroaarnrcus.
1322 442 1390 510 117

109 635 251 696 Accedunt
273 634 383 694 officiis
406 635 445 694 ad
466 633 613 693 rationem
636 634 849 692 Africanorum
873 631 1062 709 praediorum
1085 633 1299 707 pertinentibus
1330 636 1390 693 alia

80 738 198 818 quaedam
222 736 356 809 diversa,
379 735 433 794 sed
454 737 625 796 coniuncta:

201 837 407 915 predaretur)
431 837 504 895 HII
517 836 727 914 p(ublicorum)
750 835 904 913 A(sricae)
926 836 1091 896 libertusA
1115 837 1277 914 n.1231);
1299 839 1389 898 officii

256 940 372 1014 incerti,
388 958 495 1000 servus
506 939 536 998 A
551 960 580 998 n.
594 934 680 1017 78⁹).
710 937 845 997 Tertium
860 940 1059 1018 fragmentum
1076 940 1196 1016 excepit
1207 937 1388 1000 Schmidtius

258 1083 349 1099 .....
362 1060 479 1118 aymarus
503 1037 508 1121 Ι
532 1041 592 1117 [s.?
624 1040 730 1117 Praeqt
756 1059 811 1099 acc.
827 1040 904 1099 IIII
923 1061 955 1116 p.
979 1042 1017 1100 A.
1042 1041 1046 1117 Ι
1072 1040 1198 1117 [urc]url
1219 1045 1291 1101 uicit
1308 1038 1313 1121 Ι
1333 1043 1387 1120 [ca]

259 1143 494 1202 „MHaa
1258 1181 1261 1191 1

206 1248 323 1305 adlatur
343 1245 578 1322 romanoque)
594 1245 660 1321 fisci
681 1248 834 1304 castrensia
857 1246 886 1302 A
908 1243 1023 1305 [1255.

107 1349 244 1424 Quattuor
271 1348 392 1425 publica
420 1347 543 1406 Africae
570 1365 750 1423 quamquam
781 1346 902 1424 proprie
928 1346 1000 1421 qnid
1028 1348 1196 1424 significant
1223 1349 1387 1428 ignoratur,

74 1461 170 1512 conant
190 1469 259 1511 essa
281 1449 440 1527 vectigalia
455 1449 577 1508 Africae
600 1449 723 1525 antiqua
745 1457 775 1506 et
787 1457 947 1526 propterea
962 1467 1021 1506 non
1037 1449 1075 1505 ad
1090 1450 1194 1508 fiscum
1210 1454 1385 1527 spectantia,

75 1556 114 1612 sed
137 1555 172 1612 ad
199 1553 350 1612 aerarium
377 1551 480 1628 populi
509 1549 638 1610 Romani
672 1551 863 1627 exercituque
891 1569 944 1627 per
973 1551 1220 1628 conductores³).
1269 1553 1386 1614 Horum

75 1675 154 1714 curam
177 1663 325 1732 quatenus
346 1654 509 1729 imperator
532 1653 589 1712 sihi
612 1660 790 1728 sumpserat,
813 1652 880 1727 ipsa
901 1671 933 1709 re
955 1653 1115 1710 coniuncta
1136 1655 1194 1712 fuit
1208 1675 1274 1713 cum
1296 1657 1386 1715 vecti·

73 1758 161 1834 galium
176 1757 318 1817 Caesaris
340 1754 608 1814 administratione.
634 1788 670 1798 -
694 1753 793 1830 Magis
815 1753 947 1812 notabile
970 1762 1016 1811 est
1038 1755 1118 1830 quod
1139 1757 1204 1815 lisci
1225 1759 1386 1818 castrensis

73 1879 101 1918 ex
119 1860 169 1917 hoc
191 1860 360 1937 sepulcreto
383 1856 526 1916 memoria
547 1857 678 1916 emersit.
715 1856 746 1914 Is
765 1857 857 1915 fiscus
873 1874 933 1932 quo
948 1857 1134 1933 pertinuerit,
1156 1858 1253 1916 adhuc
1269 1860 1388 1936 litigant

74 1963 116 2018 riri
133 1961 222 2032 docti,
248 1960 358 2038 quique
380 1959 470 2017 hodie
491 1959 522 2017 iu
544 1960 601 2017 hac
622 1957 787 2017 studiorum
809 1956 1014 2016 Romanorum
1041 1959 1197 2034 provincia
1223 1961 1384 2038 principem

72 2064 151 2121 locum
171 2063 287 2123 obtinet
308 2060 382 2121 Otto
404 2059 618 2136 Hirschfeld⁴)
645 2061 672 2119 si
694 2067 775 2117 recte
797 2059 833 2117 de
861 2077 897 2118 eo
918 2060 1076 2132 iudicavit,
1104 2060 1195 2120 fiscus
1222 2067 1385 2124 castrensis

73 2166 101 2220 ab
117 2165 369 2224 administratione
392 2161 631 2239 Carthaginiensi
653 2161 742 2239 plane
763 2161 919 2219 abhorret:
948 2161 1063 2220 scilicet
1083 2165 1236 2222 revocavit
1258 2184 1324 2222 eum
1347 2168 1385 2224 ad

72 2267 190 2326 domuum
206 2266 466 2344 imperatoriarum
481 2265 512 2321 iu
527 2265 599 2322 urbe
613 2263 713 2322 Roma
726 2263 962 2322 aedificationem
978 2273 1007 2322 et
1022 2265 1273 2341 procurationem.
1309 2268 1385 2325 Mihi

72 2389 122 2426 eum
141 2387 197 2428 non
219 2368 407 2446 propositum
430 2366 470 2424 sit
491 2366 521 2425 in
542 2367 633 2424 huius
652 2363 888 2424 commentarioli
903 2366 1047 2442 angustiis
1063 2367 1266 2443 quaestionem
1281 2369 1384 2428 diflici-

72 2471 116 2530 lem
135 2481 162 2528 et
181 2471 241 2530 late
264 2477 415 2546 patentem
437 2475 629 2544 pertractare,
653 2467 779 2526 sufficiet
799 2467 929 2525 breviter
950 2469 1103 2528 monuisse
1117 2468 1160 2527 illi
1176 2469 1310 2544 opinioni
1325 2472 1384 2530 duo

71 2583 224 2649 argumenta
245 2572 436 2650 potissimum
460 2570 594 2629 obstare:
623 2577 788 2629 castrorum
815 2568 950 2627 vocabuli
977 2586 1065 2628 usum
1092 2580 1121 2628 et
1148 2571 1266 2630 titulum
1293 2571 1382 2631 Lam-

71 2675 142 2734 baeae
161 2675 328 2734 dedicatum
345 2670 458 2733 Severo
480 2693 498 2731 a
512 2673 766 2749 famitturationte
782 2666 989 2744 cathartici),
1011 2690 1098 2747 quem
1121 2681 1151 2731 et
1165 2673 1383 2734 Wilmannsius

70 2786 153 2835 mater
172 2785 201 2834 et
220 2795 289 2836 cnm
311 2795 347 2835 eo
374 2775 445 2834 olim
472 2775 538 2850 ipsa
559 2773 781 2833 Hirschfeldius
808 2781 887 2832 recte
913 2782 1146 2849 composuerunt
1171 2793 1238 2833 cnm
1264 2777 1383 2853 dispeu-

71 2880 197 2938 saturibus
219 2886 250 2938 et
272 2877 396 2936 arcariis
419 2875 546 2952 legionis
560 2875 610 2933 III
626 2876 779 2954 Augustae
802 2875 898 2934 servis
917 2875 1117 2950 imperatoris.
1153 2875 1269 2950 Quodsi
1292 2879 1382 2938 fiscus

71 2981 211 3040 sutrensis
232 2980 386 3059 significat
407 2978 694 3037 administrationem
715 2978 908 3054 pecuniarum
932 2973 1074 3037 Caesaris
1096 2979 1275 3038 exercitibus
1301 2979 1381 3038 alen-

71 3083 107 3140 dis
126 3093 151 3142 et
170 3083 307 3143 curandis
330 3081 555 3154 destinatarum,
578 3097 643 3138 curn
666 3079 787 3138 dubium
810 3096 958 3138 essenon
981 3081 1080 3157 possit
1098 3081 1250 3158 pecunias,
1273 3080 1381 3157 quibus

71 3195 151 3244 casua
170 3186 315 3244 Africana
337 3185 574 3253 sustinebantur,
604 3199 714 3258 magua
735 3201 774 3240 ex
795 3191 880 3256 parte
902 3200 963 3240 non
984 3181 1083 3240 Roma
1110 3201 1146 3241 eo
1169 3183 1276 3241 missas
1304 3201 1380 3256 esse,

72 3287 113 3344 aad
131 3286 316 3364 Carthagine,
339 3295 444 3360 sponte
466 3284 657 3362 intellegitur,
678 3284 729 3359 qui
750 3282 863 3342 factum
886 3285 936 3356 sit,
959 3290 991 3341 ut
1012 3283 1076 3343 eiua
1097 3284 1223 3343 rationis
1243 3284 1381 3343 officialis

73 3385 231 3466 Carthagine
252 3387 330 3445 diem
353 3387 458 3446 obiret.
489 3413 494 3420 ·

104 3489 185 3548 Tituli
206 3489 352 3548 militares
373 3489 463 3548 simul
479 3489 653 3565 prodierunt
666 3487 807 3565 quinque,
829 3488 888 3546 duo
903 3493 1111 3546 veteranorum
1127 3489 1204 3547 nude
1221 3487 1263 3562 (A
1278 3508 1305 3547 n.
1319 3486 1378 3547 237

72 3599 96 3647 et
113 3591 225 3650 Bmiss.
248 3610 277 3650 n.
294 3589 367 3666 24);
388 3592 495 3650 tertius
518 3590 560 3666 (B
575 3591 659 3648 miss.
682 3607 711 3648 n.
728 3588 781 3664 58)
803 3589 905 3647 militis
919 3569 1086 3666 ¹legionisI
1108 3589 1270 3660 adiutricis,
1292 3609 1380 3666 quem

72 3711 241 3770 comparum
264 3693 427 3751 verisimile
450 3693 490 3752 ait
511 3710 651 3768 umquem
674 3693 705 3748 in
728 3691 831 3749 Africa
852 3699 953 3749 castre
974 3690 1171 3767 habuisset),
1199 3709 1270 3750 casu
1296 3693 1323 3751 is
1350 3693 1381 3750 ln

72 3795 183 3852 lincam
204 3794 322 3853 videtur
350 3793 508 3853 advenisse
534 3793 634 3870 ibique
662 3793 740 3852 diem
769 3792 896 3864 obiisse3
930 3799 1054 3867 quartus
1083 3793 1111 3851 A
1138 3812 1167 3852 n.
1192 3795 1249 3853 115
1276 3794 1380 3852 militis

72 3895 176 3972 legionis
191 3895 251 3954 VII
272 3897 410 3972 geminae
432 3895 543 3967 felicis,
571 3914 660 3972 quam
683 3913 751 3952 cum
774 3902 889 3953 constet
913 3913 967 3972 per
994 3895 1116 3972 aliquod
1143 3905 1259 3972 tempus
1286 3903 1378 3954 teten-

72 3997 137 4055 disse
153 3997 368 4072 Lambaeaei),
391 4007 453 4056 tum
475 3997 604 4056 fortasse
626 3995 713 4055 miles
733 3997 760 4054 is
783 3993 994 4073 Carthaginem
1017 3997 1128 4056 missua
1150 4006 1275 4056 naturae
1297 3997 1378 4056 debi-

118 4217 136 4278 ¹)
153 4217 201 4268 Pro
220 4215 380 4284 Pythcqoru.
392 4217 432 4282 s.,
458 4218 485 4267 id
509 4217 579 4283 qnod
601 4217 628 4268 in
651 4216 739 4282 lapide
758 4215 903 4270 Schoenius
928 4233 1028 4284 quoque
1052 4218 1125 4283 legit,
1154 4218 1316 4268 scribendum
1340 4226 1379 4268 est

74 4303 217 4374 Pyduporm

117 4397 138 4464 ²)
154 4397 246 4451 Flauia
264 4401 333 4467 Auq.
357 4398 400 4450 tit.
426 4398 557 4452 Succeaau.
577 4399 702 4468 Princeps
725 4401 792 4468 Auq.
818 4417 867 4453 aar.
885 4399 952 4452 1111
972 4417 999 4469 p.
1026 4399 1058 4451 A.
1083 4402 1186 4468 catalupi
1209 4400 1376 4464 dulcissimae,

74 4491 127 4552 quud
142 4495 165 4543 in
182 4494 266 4560 lapide
284 4493 402 4558 legerunt
421 4501 446 4543 et
458 4493 575 4546 Delattre
595 4501 620 4545 et
633 4494 786 4556 Sohaemus,
806 4496 939 4546 nonsatis
958 4495 1094 4558 intellego;
1115 4493 1256 4545 desiderari
1278 4495 1377 4544 videtur

74 4593 119 4631 ante
135 4581 191 4635 1111
201 4602 230 4652 p.
244 4585 277 4636 A.
297 4585 421 4636 officium.

118 4673 137 4730 'l
154 4678 291 4728 Videautur
310 4691 378 4743 quae
397 4677 588 4743 composuimus
609 4678 639 4729 C.
654 4678 723 4729 VIII
742 4694 767 4743 p.
781 4678 870 4730 XVII.

117 4763 138 4828 ⁴)
154 4765 276 4820 litiatoria
294 4765 609 4836 Verwulampaqeachichte
628 4786 653 4835 p.
670 4770 720 4820 195
742 4777 767 4820 et
785 4783 839 4834 seq.

118 4857 371 4923 tetmarus.

117 4947 137 5010 ‘l
153 4952 289 5005 &canam
302 4955 329 5004 iu
340 4953 466 5004 Numidia
478 4953 546 5004 tituli
560 4953 612 5004 duo
625 4955 737 5004 militum
752 4955 807 5004 ains
820 4955 919 5004 inventi
932 4960 990 5002 sunt
1001 4953 1041 5016 (Ο.
1053 4953 1129 5016 VIII,
1141 4953 1225 5016 93763
1240 4950 1378 5004 Schmittar

75 5033 125 5090 tut.
141 5041 213 5112 aar.
232 5045 263 5097 a
282 5046 311 5096 ta
332 5043 415 5097 uate
433 5048 449 5098 a
468 5059 494 5110 p.
508 5045 581 5107 aas).

115 5129 134 5196 'l
151 5137 177 5188 C.
192 5139 255 5189 VIII
274 5154 301 5203 p.
315 5137 409 5188 XXII.
