3574 5942
385 485 455 558 148
965 509 1145 563 nouusun

382 681 480 739 ruisse
510 698 541 739 se
569 681 598 740 in
628 682 735 740 castris
765 683 975 759 praetoriis1).
1032 681 1157 762 Signum
1190 695 1287 743 autem
1321 695 1511 744 evocatorum
1540 695 1570 744 et
1601 686 1663 744 dux
1688 695 1714 744 et

382 783 502 859 proprie
525 783 707 861 principales
730 802 880 861 nusquam
903 796 1084 863 comparent,
1107 787 1163 846 nisi
1187 787 1265 864 quod
1289 805 1364 846 unus
1387 788 1536 846 invenitur
1557 791 1634 864 optio
1656 807 1712 845 eco-

382 885 554 962 c(atorum),
581 885 784 962 aalar(iorum)
813 886 956 963 curat(or)
978 888 1015 946 ab
1037 885 1245 965 indicib(ue)²)
1274 890 1337 947 eive
1371 889 1463 964 (idem
1486 890 1563 947 enim
1586 889 1712 947 officium

381 987 500 1045 videtur
524 987 702 1065 significari)
728 999 859 1048 evocatae
875 989 1000 1066 Arcpaetr'
1014 990 1050 1048 ab
1065 989 1255 1066 indicibunt),
1278 1008 1372 1067 neque
1389 1000 1488 1050 tamen
1510 991 1536 1048 is
1554 991 1632 1049 inter
1648 1009 1712 1048 ero

381 1098 464 1147 catos
486 1107 634 1148 summum
656 1091 756 1149 locum
779 1090 916 1164 obtinuit,
939 1111 1005 1150 cum
1028 1099 1097 1169 poet
1119 1093 1305 1168 optionatum
1328 1092 1365 1150 ad
1388 1093 1470 1151 aliud
1492 1093 1623 1150 officium
1646 1093 1711 1150 item

381 1192 581 1251 evocatorium
608 1198 763 1269 promotus
790 1211 858 1252 ease
884 1193 1066 1266 inveniatur,
1094 1203 1125 1252 et
1150 1194 1195 1253 nic
1222 1204 1301 1253 recte
1324 1194 1492 1271 comparari
1518 1194 1629 1270 poterit
1651 1193 1712 1251 fisci

382 1295 511 1352 curatori
537 1294 795 1371 praetorianorum
823 1304 852 1353 ct
874 1295 1095 1354 urbaniciorum
1121 1305 1239 1355 ereatue
1262 1296 1326 1354 eine
1349 1295 1440 1353 dubio
1463 1294 1501 1352 ad
1524 1293 1635 1353 salaria
1656 1296 1713 1353 col·

381 1394 457 1473 legis
480 1396 726 1472 pernumeranda.
771 1395 806 1455 ln
830 1405 911 1455 tanto
934 1397 1088 1456 titulorum
1111 1417 1234 1456 numero
1256 1407 1398 1474 tantaque
1419 1396 1450 1455 in
1472 1397 1519 1455 hie
1541 1397 1632 1456 rebus
1654 1415 1712 1456 am·

381 1496 494 1554 bitione
517 1497 649 1557 defectus
676 1499 728 1556 ille
750 1515 816 1557 cum
839 1499 922 1557 casui
950 1499 1038 1558 tribui
1066 1510 1209 1576 nequeat,
1237 1498 1299 1558 inre
1322 1498 1391 1557 inde
1417 1498 1591 1575 colligemus
1618 1518 1713 1576 neque

381 1599 498 1675 signum
522 1601 654 1658 evocatis
672 1600 802 1676 Augusti
824 1619 981 1660 commune
1004 1601 1097 1658 ullum
1119 1600 1214 1660 fuisse
1231 1620 1327 1677 neque
1344 1601 1449 1659 ducem
1465 1619 1661 1672 communem,
1684 1603 1713 1659 id

379 1701 460 1775 quod
483 1701 542 1758 fere
564 1701 749 1760 retinuerunt
771 1723 810 1760 ex
837 1705 966 1762 evocatis
988 1702 1160 1780 antiquet)
1182 1712 1212 1761 et
1233 1710 1280 1761 eet
1301 1703 1367 1762 sine
1393 1703 1484 1762 dubio
1505 1703 1581 1762 inter
1595 1721 1713 1775 causae,

380 1821 432 1860 cnr
454 1803 569 1861 evocati
591 1802 780 1880 potissimum
804 1811 834 1862 et
854 1805 914 1882 ipai
936 1805 1111 1864 vocitentur.
1146 1805 1182 1862 In
1205 1813 1369 1864 castrorum
1391 1803 1488 1864 forma
1508 1823 1630 1881 quoque
1651 1805 1712 1863 iuu-

378 1915 488 1982 guntur
510 1924 575 1964 cum
603 1905 1317 1984 primipilaribusimperatoremcomitantibus,
1345 1924 1422 1982 quoa
1450 1907 1562 1984 pariter
1582 1906 1661 1965 duce
1686 1916 1714 1964 et

381 2006 466 2084 signo
489 2025 544 2066 suo
566 2008 698 2067 caruisse
719 2007 881 2067 verisimile
903 2017 957 2068 eet.

422 2106 519 2182 Quam
542 2110 581 2168 ob
608 2127 729 2169 caueam
756 2119 895 2170 evocatos
918 2112 1075 2188 Augustus
1102 2110 1265 2170 instituerit
1293 2119 1323 2170 et
1348 2111 1457 2188 quibus
1483 2109 1592 2169 officiis
1619 2108 1713 2168 functi

438 2421 462 2484 ¹)
482 2421 511 2472 G.
527 2422 577 2484 VI,
600 2422 684 2471 2772:
713 2419 779 2471 Aur.
797 2418 894 2472 Mertro
913 2437 944 2472 ec
961 2421 1032 2473 euolr.
1052 2423 1096 2488 qui
1113 2421 1165 2472 mil.
1185 2422 1214 2472 ia
1232 2421 1350 2488 l(e9ionc)
1371 2437 1411 2471 an.
1428 2417 1473 2483 VI,
1503 2421 1530 2470 r'a
1548 2427 1612 2470 curt.
1627 2427 1715 2488 praet.

379 2531 420 2564 αιι.
435 2510 507 2563 XXI
587 2530 611 2563 v.
632 2529 690 2563 ann.
704 2509 831 2563 XXXVI
851 2512 942 2575 (immo
962 2509 1136 2578 XXXXVI).
1181 2513 1251 2563 Anni
1270 2513 1340 2562 XXI
1363 2514 1469 2562 omnino
1492 2511 1717 2578 comprehendunt

378 2613 431 2656 tam
451 2606 579 2670 stipendia
597 2605 712 2671 gregalia
730 2607 758 2657 in
777 2608 908 2670 praetorio
927 2620 1003 2670 quam
1023 2607 1163 2656 evocativa.
1192 2605 1245 2657 Sed
1265 2605 1288 2654 ei
1308 2604 1382 2654 titulo
1402 2605 1441 2654 sui
1460 2607 1563 2669 generis
1575 2605 1656 2655 unico
1669 2619 1718 2654 nec

379 2700 470 2749 aetatis
488 2698 572 2749 bonae
591 2714 645 2749 non
663 2699 771 2748 multum
791 2697 954 2747 tribuendum
974 2703 1019 2746 est.
1062 2698 1147 2762 Magis
1166 2697 1216 2746 huc
1235 2697 1346 2761 pertinet
1365 2696 1495 2747 dedicatio
1519 2711 1596 2760 supra
1623 2712 1650 2761 p.
1664 2697 1716 2746 145

379 2793 470 2854 citata3
490 2806 551 2840 nam
571 2806 627 2840 cum
647 2791 673 2839 in
693 2804 724 2839 ea
743 2795 801 2854 post
819 2789 963 2853 praefectos
976 2789 1098 2853 praetorii
1113 2795 1293 2839 enumerentur
1306 2788 1401 2838 tribuni
1415 2789 1560 2854 militesque
1573 2795 1627 2836 tam
1641 2802 1717 2852 prae-

379 2884 505 2933 toriarum
525 2882 668 2932 cohortium
688 2893 764 2944 quam
785 2880 941 2931 urbanarum
960 2881 1072 2945 itemque
1091 2888 1200 2932 statores
1219 2888 1246 2930 et
1264 2881 1376 2940 evocati,
1399 2880 1485 2930 absint
1507 2887 1592 2930 antem
1614 2880 1716 2943 uigiles¹

379 2975 505 3024 classiarii
523 2974 629 3035 urbani,
656 2973 753 3036 equites
776 2973 933 3037 singulares,
959 2974 1097 3023 verisimile
1121 2979 1160 3022 est
1182 2973 1241 3024 illos
1264 2987 1385 3022 numeros
1404 2987 1435 3022 eo
1454 2972 1559 3021 nomine
1583 2971 1718 3034 coniungi,

380 3066 449 3130 quod
469 3065 596 3131 parebant
613 3065 750 3129 praefectis
769 3065 907 3129 praetorio.
953 3064 985 3114 Id
1009 3065 1139 3114 etiamad
1163 3064 1275 3114 urbanae
1298 3063 1419 3114 cohorter
1444 3063 1638 3128 quodammodo
1658 3077 1719 3127 per-

379 3160 468 3208 venire
488 3160 528 3208 vel
548 3158 609 3208 inde
628 3157 771 3222 colligitur,
791 3158 860 3221 quod
880 3158 934 3207 iure
954 3172 1033 3206 unum
1053 3173 1146 3222 corpus
1164 3171 1222 3206 cum
1241 3157 1412 3222 praetorianis
1431 3154 1573 3216 secretana
1598 3154 1718 3204 credide·

379 3251 479 3315 rimque
498 3251 553 3300 lere
571 3257 599 3298 ut
618 3251 644 3299 in
657 3249 757 3311 Africa,
778 3249 820 3298 ubi
840 3249 907 3312 legio
920 3248 963 3298 111
982 3249 1101 3314 Augusto
1120 3249 1206 3313 legato
1225 3249 1261 3298 ita
1280 3248 1396 3314 parebat,
1415 3252 1560 3297 etcertum
1578 3261 1719 3296 numerum

379 3342 513 3392 hominnm
532 3342 565 3391 ad
584 3342 765 3406 proconsulem
785 3341 931 3404 deputaret,
956 3341 992 3391 ita
1011 3341 1038 3390 in
1057 3341 1120 3390 urbe
1139 3341 1224 3392 Roma
1248 3339 1396 3390 cohortibus
1422 3340 1518 3388 civium
1536 3338 1719 3389 Romanorum

378 3435 521 3499 praefectos
541 3441 637 3484 certum
657 3447 792 3484 numerum
811 3445 897 3482 earum
917 3432 1054 3496 deputasse
1074 3434 1204 3498 praelecto
1223 3433 1288 3482 urbi.

437 3523 461 3588 ²)
481 3527 583 3577 Titulus
597 3526 733 3577 Ravennae
745 3524 895 3575 Bormanno
915 3526 985 3574 visus
1005 3524 1046 3585 (Ο.
1059 3525 1108 3586 ΧΙ,
1129 3526 1161 3574 19
1185 3543 1218 3566 =
1241 3524 1320 3576 Orell.
1336 3521 1419 3587 3464)
1439 3524 1476 3574 sic
1495 3529 1547 3574 est:
1567 3519 1605 3573 II.
1621 3515 1720 3589 Apicio

383 3617 411 3668 Τ.
428 3618 455 3683 s.
479 3615 546 3668 Cam.
575 3615 666 3668 Tironi
686 3615 886 3684 p(re'mr)p(r'lora)
913 3615 1039 3682 hystorie)
1060 3612 1149 3664 XXII
1168 3616 1354 3683 primi9(eniae)
1373 3615 1457 3683 phac)
1475 3612 1610 3678 ,[(ἰιὶοὶὺ),
1641 3629 1722 3680 prue-

371 3709 467 3775 f(ectn)
489 3708 615 3776 bebonis)
635 3706 712 3758 XIII
727 3708 856 3775 qemb'nac,
877 3707 1027 3770 centurione)
1048 3707 1176 3774 hystoria)
1190 3705 1243 3758 XV
1255 3707 1447 3775 Apoll(r'norr'c)‚
1468 3705 1594 3772 enodate)
1615 3724 1633 3756 a
1654 3723 1722 3757 coar·
1771 3715 1772 3780 j

377 3800 528 3864 mendaciis)
549 3800 753 3863 custodiarum),
779 3801 878 3868 optioni
895 3815 961 3850 ecoe.
987 3799 1066 3850 colar.
1092 3807 1172 3851 curat.
1196 3799 1228 3850 ab
1253 3797 1370 3861 indicia,
1394 3806 1496 3867 patron.
1521 3815 1586 3850 murt.
1607 3797 1725 3858 Rae-en..

373 3893 467 3960 pontif.
500 3894 618 3944 Alterum
638 3907 705 3944 evoe.
726 3893 807 3942 deleri
826 3893 900 3943 iussit
912 3893 1071 3944 Schmidtius
1089 3909 1114 3958 p.
1129 3892 1182 3943 342
1196 3899 1249 3944 not.
1264 3891 1318 3943 344
1331 3897 1394 3954 not,
1414 3891 1517 3942 fortiter
1535 3893 1618 3958 magis
1640 3907 1723 3958 qnam

378 3986 525 4051 prudenter.
563 3986 638 4036 Idem
656 3993 742 4036 tamen
762 3991 831 4035 recte
850 3999 892 4034 me
912 3985 1076 4051 reprehendit
1098 3985 1131 4034 ob
1156 3985 1276 4034 reiectam
1300 3985 1537 4050 interpretationem
1555 3983 1725 4035 Orellianam

377 4077 472 4127 salarii
489 4078 530 4126 vel
549 4079 636 4143 potius
655 4077 808 4128 adorior-um
827 4078 953 4128 curatoria
967 4078 1098 4129 defensam
1112 4077 1218 4127 omnino
1232 4077 1425 4142 comparatione
1437 4075 1491 4125 liaci
1505 4077 1635 4126 curatoria
1650 4074 1724 4140 apud
1771 4095 1772 4130 3

378 4171 564 4234 praetorianos.
597 4170 650 4223 Sed
669 4171 740 4236 quod
759 4171 938 4236 gravissimum
958 4177 1004 4233 eet,
1025 4171 1096 4234 optio
1116 4184 1199 4235 neque
1217 4169 1285 4219 nude
1299 4169 1436 4234 procedere
1450 4173 1534 4233 potest
1548 4181 1637 4231 neque
1652 4169 1726 4216 inter
1771 4231 1772 4242 γ

378 4269 543 4312 evocatorum
561 4265 713 4313 vocabulum
734 4263 773 4312 bis
792 4264 929 4328 repetitum
948 4262 1114 4328 interpositus
1140 4260 1172 4311 ab
1198 4261 1230 4310 iis
1255 4267 1324 4310 recte
1348 4260 1475 4326 separeri;
1505 4267 1646 4324 praeterea
1667 4259 1727 4322 ipsa

377 4355 496 4405 vocabuli
516 4355 635 4420 repetitio
654 4355 692 4404 ita
710 4356 806 4420 optime
826 4356 981 4420 explicatur,
1007 4361 1106 4404 utnon
1126 4359 1245 4404 evocatus
1264 4353 1304 4404 bia
1322 4359 1445 4418 ponatur,
1469 4351 1515 4401 sed
1539 4351 1728 4416 distinguatur
1771 4397 1772 4408 ,

377 4454 496 4497 evocatus
516 4463 574 4498 cum
594 4447 695 4497 adiecta
714 4447 928 4498 determinatione
947 4447 980 4498 ab
1000 4447 1105 4512 optione
1125 4452 1298 4495 evocatorum.
1771 4429 1772 4454 ³

437 4535 461 4601 ²)
482 4539 513 4589 C.
527 4539 575 4600 VI,
596 4540 681 4590 3414:
702 4536 734 4589 L.
754 4538 865 4590 Antistio
884 4535 957 4603 Ias.
977 4536 1038 4589 sab.
1061 4533 1148 4596 Quieto
1168 4552 1235 4588 ecoe.
1256 4536 1324 4603 Any.
1344 4533 1376 4586 ab
1395 4533 1499 4586 indices.
1771 4589 1772 4592 Ἴ

434 4628 460 4691 ⁴)
479 4631 618 4696 Appianas
637 4633 662 4681 b.
682 4647 704 4681 c.
719 4631 749 4694 3,
774 4634 810 4683 40
830 4647 952 4683 enarrem
975 4631 1151 4682 evocationem
1170 4635 1351 4680 veteranorum
1369 4635 1534 4694 paternorum
1554 4635 1616 4692 post
1638 4629 1727 4678 dicta·

376 4725 440 4772 toris
465 4723 570 4774 caedem
590 4738 606 4774 a
629 4723 684 4772 filio
709 4724 851 4774 institutam
869 4709 939 4790 ἦνιν,
962 4724 1060 4788 inquit,
1088 4719 1112 4779 te
1141 4715 1241 4789 μυρίους
1271 4709 1361 4789 ἄνδρας
1390 4708 1445 4768 crire
1475 4711 1658 4788 ὦπλισμίνους
1692 4717 1730 4768 ἓν.
1771 4719 1772 4778 l

375 4813 452 4871 τιλῢς
477 4802 531 4864 crire
551 4810 758 4884 cvmrraypivcuo
775 4833 811 4865 πω
830 4807 887 4866 κατ’
907 4808 978 4879 ἴλας,
1008 4809 1074 4864 ἀλλ’
1100 4805 1130 4871 ric
1154 4811 1177 4871 te
1196 4800 1269 4882 μένην
1287 4809 1332 4863 rcii
1350 4808 1462 4880 σώματος
1483 4798 1599 4879 φιλικὴν
1620 4802 1668 4877 ὕφ’
1695 4809 1730 4860 ivl
1771 4793 1772 4836 i

376 4901 481 4974 σημείῳ.
520 4908 656 4960 Antonium
670 4907 827 4976 praesectam
846 4914 1003 4959 evocatorum
1021 4921 1126 4958 suorum
1145 4912 1271 4956 memorat
1288 4904 1380 4957 Cicero
1394 4903 1502 4956 Ciliciae
1521 4903 1673 4969 proconsul
1695 4905 1731 4955 ad

376 4999 438 5050 sum.
459 5000 484 5063 ³,
506 4999 530 5062 6,
552 5000 577 5052 5.
615 5002 723 5052 Evocati
742 5001 831 5067 quales
851 5009 905 5051 tum
925 5007 999 5050 erant
1016 5007 1044 5049 ut
1064 5014 1111 5050 nec
1130 4999 1209 5062 signia
1229 5011 1276 5048 nec
1299 4997 1404 5048 ducibus
1428 4995 1505 5062 plane
1528 5010 1624 5046 carere
1652 5007 1730 5062 pote-

378 5099 443 5152 rant,
463 5093 500 5142 ita
518 5109 546 5143 re
565 5094 647 5158 magis
668 5093 796 5144 habebant
816 5109 893 5158 quam
912 5095 968 5142 iure
987 5100 1012 5143 et
1031 5091 1156 5158 quidquid
1169 5091 1202 5140 de
1215 5091 1246 5141 iis
1261 5091 1382 5141 traditum
1396 5086 1551 5154 accepimus,
1571 5087 1730 5140 luculenter

376 5183 487 5234 ostendit
507 5185 696 5236 ordinationem
716 5185 844 5252 legitimae
865 5185 974 5237 militiae
994 5185 1027 5237 ad
1047 5199 1091 5234 eos
1111 5183 1181 5234 nullo
1201 5183 1279 5234 modo
1300 5182 1461 5247 pertinuisse.
