3524 5932
426 488 734 542 oesanvamonus
760 491 1045 543 aercaarnrcau.
1330 471 1401 542 637

78 589 1404 604 ..Ἠ-*ῳ

68 661 201 736 praeside
222 679 312 738 agere
334 665 477 737 potuisse.
527 664 570 721 At
591 665 712 740 quinam
735 665 785 723 hic
805 665 1017 743 intellegantur
1042 665 1193 738 coronati,
1223 685 1283 724 nou
1306 666 1402 742 uragis

68 763 253 841 exploratum
276 764 371 840 est1).
425 763 597 843 cogitaram
622 767 658 825 de
684 767 891 825 sacerdotibus
918 767 1137 845 provinciarum
1166 769 1253 825 tertio
1280 777 1402 844 quarto-

69 885 121 942 que
145 867 268 925 saeculo
290 875 500 926 coronatorum
526 867 670 926 vocabulo
694 867 814 944 usis²);
838 871 891 929 sed
914 870 1103 928 deterrebant
1117 869 1271 929 obstaculo
1286 870 1399 946 gravia.

67 968 194 1026 Primum
218 988 286 1027 cum
307 969 339 1027 in
361 968 468 1028 Africa
488 979 548 1028 tem
571 970 799 1029 constitutiones
821 981 946 1046 actaque
962 973 1164 1032 ecclesiastica
1178 991 1266 1048 quam
1282 972 1399 1048 lapides

67 1071 239 1147 saepissime
261 1072 482 1148 provinciarum
505 1073 677 1131 sacerdotes
699 1074 859 1143 nominent,
881 1071 977 1132 ex'ee
993 1083 1165 1132 coronatum
1181 1083 1320 1132 testatum
1336 1094 1396 1132 non

65 1172 215 1231 habemus.
252 1171 369 1231 Deinde
392 1191 496 1251 preces
520 1183 548 1231 st
570 1174 744 1232 constitutio
767 1192 859 1251 supra
873 1175 1008 1251 prolatae
1024 1177 1185 1235 aduocatos
1202 1177 1396 1235 ecclesiarum

65 1273 301 1332 Christianorum
323 1285 356 1333 ut
378 1284 548 1352 exaequant
570 1276 775 1335 sacerdotibus
799 1278 1020 1352 provinciarum
1047 1279 1188 1354 paganis,
1216 1279 1259 1335 ita
1285 1297 1395 1354 nequa-

65 1395 150 1452 quam
174 1377 302 1435 innuunt
326 1388 396 1435 ante
423 1397 488 1436 eam
515 1379 609 1454 legem
637 1378 729 1435 latam
751 1376 994 1439 ChrIstianorum
1020 1379 1171 1440 desideria
1198 1401 1216 1439 a
1242 1380 1396 1438 sacerdote

63 1479 232 1554 provinciae
254 1479 292 1537 ad
315 1479 482 1555 praesidem
505 1480 606 1539 delata
627 1497 707 1552 esse;
733 1479 824 1539 immo
847 1483 890 1540 ita
912 1481 1104 1542 nominantur
1125 1483 1156 1540 in
1178 1483 1245 1560 lege
1268 1483 1395 1558 primum

64 1581 206 1650 coronati,
228 1581 335 1640 deinde
355 1583 525 1640 sacerdotes
541 1583 771 1658 provinciarum,
795 1585 893 1641 utrix
908 1585 1012 1643 credas
1029 1591 1153 1660 utroque
1168 1585 1312 1643 vocabulo
1329 1603 1395 1644 eos-

63 1684 124 1740 dem
143 1683 314 1761 significari.
353 1681 414 1744 Sed
436 1684 525 1744 aliter
546 1697 650 1742 censet
671 1702 759 1759 quem
781 1685 817 1744 de
840 1705 876 1743 ea
898 1705 931 1744 re
951 1687 1089 1746 consului
1106 1686 1248 1746 Rossius:
1271 1690 1310 1745 nai
1324 1706 1393 1745 serra-

61 1786 118 1856 bra,
143 1786 240 1861 inquit
254 1785 314 1856 ille,
338 1786 387 1845 cie
405 1789 503 1862 prima
525 1786 571 1844 del
589 1790 721 1844 rescritto
738 1787 785 1844 clei
799 1787 860 1846 407
874 1789 916 1862 pli
931 1792 1062 1848 interesse*
1077 1789 1154 1847 daila
1169 1791 1262 1848 chiesa
1279 1791 1395 1847 dinanzi

62 1890 88 1944 dl
106 1889 220 1962 piudici
241 1888 384 1946 dooeuano
408 1905 500 1947 essere
522 1908 538 1946 o
554 1894 665 1948 trattati
679 1909 694 1947 o
710 1890 819 1948 alaneno
835 1892 983 1948 introdotti
997 1893 1028 1947 in
1041 1892 1166 1966 pladizio
1183 1893 1234 1949 dai
1248 1892 1392 1963 coronati,

60 2009 129 2048 corne
153 1993 303 2048 tricaricati
325 1991 356 2047 di
378 2000 444 2048 tutte
466 1993 492 2050 le
515 1999 638 2049 vertente
660 1993 692 2049 di
712 2011 774 2050 cose
793 1995 927 2067 spettanti
946 1992 1009 2049 alla
1029 2012 1212 2052 curararum
1229 2011 1391 2051 sacrarum.

61 2091 113 2150 Per
136 2103 245 2167 quanto
267 2095 311 2150 eid
332 2094 408 2168 pajo
429 2103 526 2152 strauo
548 2097 666 2169 rispetto
689 2095 752 2152 alla
774 2095 884 2164 chiesa,
905 2097 945 2151 nri
966 2094 1075 2153 sembra
1098 2097 1234 2153 risultare
1255 2095 1306 2152 dal
1328 2113 1391 2152 con-

53 2197 147 2268 fracto
166 2196 314 2270 prealatto;
337 2213 351 2252 e
369 2197 421 2270 poi
441 2215 497 2252 noa
519 2199 545 2252 si
567 2197 737 2268 dialceticis,
759 2197 808 2254 cite
827 2196 1021 2255 isecerdotes
1036 2197 1083 2254 nel
1097 2207 1186 2272 tempo
1203 2197 1249 2254 del
1263 2201 1391 2254 rescritto

60 2296 204 2372 luperiale
226 2300 310 2354 citato
332 2315 440 2355 aecana
462 2300 492 2354 in
512 2317 587 2372 praa
605 2306 691 2372 parte
704 2299 828 2373 perduto
841 2301 864 2355 il
879 2308 1018 2357 carattere
1033 2299 1177 2374 relipioso,
1201 2300 1391 2357 aortseruaado

58 2399 113 2455 solu
138 2399 234 2474 quello
256 2399 332 2474 depli
352 2402 483 2457 intererat
504 2419 518 2457 e
539 2401 570 2456 di
586 2399 721 2474 pataliae
743 2401 857 2474 usfici05
884 2402 933 2458 che
951 2403 962 2457 i
980 2398 1119 2458 Cristiani
1137 2419 1194 2458 non
1211 2402 1391 2476 resappirono

58 2500 128 2557 datl'
164 2503 298 2559 onorarsi
329 2501 376 2558 del
405 2503 484 2559 titolo
511 2501 727 2572 sacerdotales,
761 2519 813 2561 con
841 2511 910 2560 tutto
937 2503 1029 2577 quello
1057 2503 1106 2561 alre
1130 2503 1166 2561 to
1193 2505 1319 2578 spiepato
1345 2502 1394 2560 nel

56 2603 213 2662 Bullettino
236 2604 409 2661 crist1878
431 2623 451 2661 a
468 2607 618 2679 proposito
640 2603 686 2661 del
700 2603 836 2680 ll(amen)
856 2603 1074 2681 p(er)p(etuus)
1092 2602 1259 2664 Cristianus
1277 2605 1307 2662 di
1322 2603 1391 2662 Arn-

57 2707 192 2763 naaedara
213 2703 262 2778 (C.
277 2704 364 2774 VIII,
390 2703 516 2780 10516).
558 2705 605 2762 Mi
627 2707 768 2780 conferma
790 2705 860 2764 nell’
884 2710 1116 2782 interpretatione
1143 2708 1174 2764 la
1196 2710 1391 2778 conueniente,

57 2809 101 2866 rte
125 2811 136 2864 i
158 2807 359 2866 sacerdotales
381 2825 438 2864 non
459 2809 537 2866 siene
558 2808 730 2866 dimenticatr'
749 2808 818 2866 nett’
843 2809 915 2866 ordo
940 2808 1128 2867 salutationis
1151 2811 1300 2884 african05
1326 2827 1391 2867 ase

56 2931 105 2967 non
129 2920 232 2968 stanno
254 2909 324 2967 nell'
348 2909 469 2968 articolo
493 2919 580 2981 terro,
608 2928 676 2967 sono
691 2912 776 2985 fuori
797 2911 828 2968 di
850 2929 921 2970 esso.
963 2911 1048 2969 Haec
1070 2929 1146 2986 quac
1168 2910 1206 2967 ud
1229 2929 1276 2968 me
1298 2913 1391 2986 scrip-

55 3014 90 3070 sit
111 3013 228 3070 amicus
255 3029 438 3087 quamquam
462 3011 617 3087 scrupulos
646 3029 737 3089 supra
763 3013 935 3090 propositos
961 3031 1021 3071 non
1047 3013 1169 3070 omnino
1196 3013 1390 3084 sustulerunt,

55 3125 154 3173 tamen
177 3113 304 3173 meliora
325 3131 403 3190 quae
424 3131 590 3190 proponam
614 3132 672 3172 non
694 3115 791 3173 habeo
814 3125 843 3171 et
864 3116 894 3172 in
911 3115 967 3172 hac
982 3114 1181 3190 explicatione
1197 3114 1389 3190 adquiescen-

54 3219 120 3276 dum
146 3233 212 3276 essc
233 3211 385 3276 existimo.
424 3215 569 3274 Admissa
591 3235 627 3276 ea
648 3225 782 3275 extremo
805 3217 902 3292 eapite
924 3217 999 3294 legis
1015 3216 1209 3291 imperatores
1226 3217 1283 3274 hoa
1298 3217 1389 3293 signi-

53 3321 144 3378 licant
166 3317 347 3379 Christianis
369 3318 399 3376 in
422 3327 572 3396 posterum
595 3336 714 3394 quoque
735 3319 825 3376 licere
847 3339 900 3395 per
923 3318 1107 3377 sacerdotem
1129 3319 1300 3396 prouinciae
1323 3339 1390 3378 cum

53 3422 190 3496 praeside
213 3438 302 3497 agere
325 3439 421 3496 acque
442 3430 610 3498 propterea,
633 3421 790 3497 quodiam
812 3440 865 3497 per
880 3422 1058 3479 advocatum
1073 3439 1139 3479 eum
1156 3421 1238 3478 adire
1252 3431 1389 3499 possunt,

52 3524 238 3582 sacerdotem
261 3523 433 3601 provinciae
455 3523 600 3582 auxilium
624 3541 708 3581 suum
731 3523 769 3580 iis
791 3532 871 3581 reate
894 3541 1012 3599 negare.

91 3626 140 3684 Ea
163 3645 282 3703 quoque
306 3645 383 3702 quae
406 3633 571 3700 sequuntur
600 3625 643 3683 sic
671 3631 702 3683 ut
727 3624 825 3683 lacera
851 3626 949 3683 iacent
974 3632 1085 3684 certem
1114 3625 1388 3701 interpretationem

50 3747 107 3786 uon
133 3728 289 3804 recipiunt.
340 3726 469 3785 Promoti
489 3728 641 3804 officiales,
672 3728 697 3784 si
721 3726 839 3802 quidem
867 3737 946 3786 recte
967 3727 1041 3785 haec
1063 3727 1121 3786 duo
1143 3727 1290 3786 vocabula
1317 3746 1388 3786 con·

49 3832 225 3908 iunguntur,
261 3836 312 3888 aut
341 3829 554 3905 intelleguntur
582 3830 632 3904 qui
662 3829 789 3904 primum
821 3829 952 3888 salutant
978 3829 1164 3906 promotione
1190 3838 1313 3905 accepta
1338 3839 1390 3888 aut

48 3943 162 3991 certum
185 3931 335 4008 quoddam
357 3948 452 4008 genus
474 3931 647 3989 officialium
672 3931 727 3988 hoo
748 3932 897 3990 vocabulo
920 3931 1113 4007 significatur.
1154 3930 1234 3988 Huic
1255 3931 1389 4007 opinioni

47 4035 274 4112 patrocinantur
296 4053 371 4110 quas
393 4033 515 4092 Alsenio
536 4032 660 4092 Ceionio
680 4034 796 4092 Iuliano
816 4032 960 4093 Camenio
982 4033 1132 4091 consulari
1155 4030 1315 4091 Numidiae
1338 4033 1387 4093 de·

46 4139 153 4196 iuncto
175 4156 202 4194 s.
218 4137 326 4196 aetatis
342 4134 433 4194 XLII
449 4155 476 4194 a.
490 4136 550 4194 385
567 4133 649 4209 (vide
670 4153 762 4212 supra
778 4155 806 4212 p.
816 4135 874 4196 542
899 4155 927 4193 n.
944 4135 1036 4210 1238)
1053 4135 1199 4194 officiales
1214 4136 1310 4210 Ipsius
1325 4135 1387 4194 Ro·

47 4259 111 4298 mae
128 4239 344 4299 dedicaverunt
359 4239 436 4296 duae
452 4238 539 4296 bases
551 4238 704 4314 gemellae.
731 4239 843 4296 Earum
857 4238 980 4296 alteram
994 4235 1099 4312 (O.VI,
1116 4236 1209 4312 1675>
1221 4248 1388 4318 posuerunt

47 4387 74 4400 ..
91 4342 216 4402 Gentilis
235 4339 411 4418 p(rinccps),
435 4339 616 4415 M(arcias.²)
639 4341 773 4398 Restutus
797 4341 1004 4399 cornicularius
1027 4359 1089 4398 cura
1110 4340 1266 4398 cartularia
1289 4341 1387 4416 officii,

46 4445 175 4502 alteram
198 4443 368 4519 nuperrime
390 4453 536 4520 repertam
561 4461 655 4518 neque
682 4443 806 4515 editam,
835 4442 908 4499 mihi
938 4451 1035 4500 autem
1063 4441 1185 4500 missam
1214 4461 1233 4498 a
1255 4440 1386 4499 Rudolfo

105 4713 132 4780 ¹)
153 4713 269 4764 Clericus
288 4719 426 4762 coronatus
445 4711 520 4761 huius
539 4711 728 4762 constitutionis
749 4725 803 4761 esse
823 4726 875 4760 uon
895 4717 987 4775 potest,
1008 4725 1054 4759 nac
1070 4725 1159 4759 uerum
1178 4716 1217 4760 est
1236 4711 1283 4760 huc
1303 4716 1385 4760 aetate

45 4805 153 4854 clericos
174 4819 206 4854 eo
225 4805 351 4855 vocabulo
370 4805 406 4854 sic
426 4803 568 4867 appellatos
586 4818 649 4852 esse.

104 4895 129 4958 ²)
152 4895 280 4946 Sacerdos
299 4912 362 4946 arae
381 4895 512 4962 Au9(ustr)
531 4893 633 4957 u(ostrr)
652 4900 786 4946 coronatus
799 4892 960 4956 Dac(iarum)
974 4893 1023 4943 111
1040 4895 1164 4957 reperitur
1182 4895 1210 4943 in
1230 4895 1304 4944 titulo
1325 4895 1385 4945 Sar·

45 4989 243 5054 mizegetusensi
263 4989 357 5048 c.111,
380 4989 450 5038 1433
471 4988 560 5037 aetatis
581 4988 743 5049 Gordianus,
769 4993 904 5036 eorortatus
927 4984 951 5035 T
948 4984 1053 5047 use(iac)
1073 4992 1097 5035 et
1120 4982 1259 5048 Uesbia-iae)
1280 4987 1306 5034 in
1326 4987 1385 5034 His·

44 5081 140 5146 pellace
152 5081 232 5132 Orell.
248 5081 320 5132 3866
341 5082 432 5132 astatis
446 5080 685 5131 Constantinianus.
719 5079 829 5130 Causam
849 5079 995 5144 appellandi
1014 5078 1096 5143 aperit
1116 5077 1245 5128 decretum
1258 5077 1385 5130 Baianum

43 5173 228 5238 anum
