3574 5942
370 423 440 494 156
943 445 1124 496 uouussu

443 601 567 721 ‘'Opacc
589 609 741 688 Ἀσσίννν.
765 613 770 718 Ι

366 753 392 795 sc
447 722 586 807 Ὀμνυμνν
601 731 655 797 Διά
677 741 789 820 σωτῆρα
810 729 858 797 καὶ
879 735 951 797 Sada
967 731 1101 822 Καίσαρα
1123 733 1280 807 {eilande
1300 733 1348 799 real
1369 735 1420 813 mlv
1443 737 1448 820 Ι
1474 731 1593 824 πάτριον
1613 735 1695 818 dyada

490 831 634 922 παρθένον
655 832 796 907 εὐνοήσειν
818 834 892 917 Γαίῳ
915 835 1038 924 Καίσαρι
1061 834 1222 922 ΣεβασΙτνῖ
1246 833 1295 900 καὶ
1319 845 1361 920 rep*
1383 833 1528 912 σύμπαντι
1556 834 1620 918 οἴκῳ
1649 837 1693 899 αὗ-

490 945 555 1008 rati,
581 932 628 1000 aad
649 937 752 1018 φίλους
772 966 802 1000 rs
824 934 932 1026 upr'rsrv,
954 944 959 1021 Ι
987 935 1034 1005 οὕς
1056 935 1092 1001 ἂν
1114 939 1200 1005 αὖτός
1221 945 1400 1028 προαιρῆται,
1426 934 1474 1002 καὶ
1494 939 1630 1024 ἔχθρνῦς
1653 931 1694 1006 cde

491 1035 526 1100 νῖν
553 1037 638 1106 αὖτός
665 1037 918 1127 προβαΙλῊληταν.
960 1041 1133 1129 Εὖορκοῧσνν
1158 1035 1207 1116 μὲν
1233 1041 1293 1117 ἡμῖν
1322 1034 1355 1104 εὖ
1382 1036 1437 1119 εἴη,
1465 1043 1643 1128 {proprendere
1668 1034 1695 1102 δὲ

489 1138 525 1202 rai
549 1139 678 1226 ἔνανΙτῖα.
700 1148 704 1224 Ι

365 1282 390 1323 2⁵
450 1251 662 1369 llpscssacral
687 1257 917 1351 ἓπηνγείλαντν
944 1266 981 1336 ἐκ
1008 1265 1072 1336 τῶν
1099 1259 1199 1337 ldr'wv:

668 1379 752 1450 Palae
774 1377 894 1471 Oa’a'proe
915 1380 1000 1446 Γανόυ
1024 1384 1083 1448 vide
1104 1381 1253 1448 Οὐολτιννά
1276 1381 1414 1468 {toleror}

665 1478 844 1571 Ἐρμοφνῖνης
1102 1482 1207 1548 Ζωίλου
1226 1492 1231 1569 Ι

666 1592 776 1661 Κτῆτος
1099 1582 1291 1675 Πνσιστρᾶτνυ
1307 1594 1311 1671 Ι

666 1686 813 1776 Αἷσχρῖων
1098 1684 1307 1770 Καλλνφᾶννυς
1324 1697 1329 1774 Ι

366 1813 392 1853 sc
662 1787 865 1878 Ἀρτεμίδωρος
1098 1791 1285 1863 Φιλομούσου,
1300 1797 1306 1874 Ι

450 1889 546 1958 al'rwse
566 1887 614 1954 nal
634 1893 703 1978 ὑπὲρ
723 1897 775 1967 τῆς
796 1889 881 1954 Γαίου
904 1889 1047 1980 Καίσαρος
1065 1888 1226 1963 Σεβαστοῦ
1237 1899 1411 1980 Γερμανικοῦ
1426 1899 1431 1976 Ι
1449 1892 1588 1981 σωτηρνάς
1609 1888 1694 1980 εὐξέ-

490 2022 563 2063 aava
585 1989 628 2056 Al
651 1989 819 2076 Karrrorlu'p
843 1999 914 2076 (sic)
937 1993 1052 2057 ἔθυσαν
1074 1999 1116 2076 τῷ
1136 2001 1186 2069 τῆς
1207 1990 1326 2080 πᾶλεΙως
1348 1992 1467 2072 ὅνόματν.

408 2121 486 2178 Iuris
509 2119 626 2178 iurandi
650 2116 728 2178 Gaio
756 2121 891 2195 praestiti
918 2129 1055 2179 auctores
1077 2137 1196 2196 quoque
1218 2120 1429 2195 meminerunt,
1459 2121 1509 2180 sed
1531 2121 1636 2197 aliqua
1657 2121 1698 2178 di-

365 2222 492 2280 versitas
515 2231 561 2280 est
588 2221 666 2279 inter
694 2221 855 2280 relationes
878 2241 980 2281 eorum
1008 2231 1037 2279 et
1063 2223 1182 2280 tabulas
1209 2239 1300 2298 supra
1328 2223 1450 2282 relatas.
1495 2221 1620 2284 Scilicet
1641 2223 1699 2282 Dio

363 2333 523 2400 postquam
547 2321 605 2382 Gai
631 2341 679 2381 res
706 2333 806 2399 gestas
833 2323 864 2380 in
891 2325 1063 2383 universum
1093 2325 1272 2383 adumbrans
1298 2333 1441 2400 quantum
1470 2326 1628 2384 sororibus
1651 2326 1697 2384 de-

364 2427 441 2485 derit
462 2427 618 2503 exposuit,
646 2435 677 2483 ut
702 2436 732 2484 et
757 2426 787 2482 in
810 2433 947 2483 votorum
969 2425 1130 2484 formulam
1152 2426 1354 2502 reciperentur
1376 2437 1406 2486 et
1431 2443 1485 2503 per
1506 2444 1558 2486 eas
1580 2446 1701 2504 quoque

363 2531 513 2587 iuraretur
535 2526 600 2601 (59,
618 2529 650 2586 3:
679 2519 726 2584 aad
748 2521 814 2588 rode
836 2519 934 2606 ἕρκους
956 2522 1023 2588 rods
1049 2525 1078 2588 ἒς
1099 2521 1148 2596 τὴν
1171 2521 1268 2610 ἀρχὴν
1290 2523 1380 2586 advari
1400 2519 1537 2610 φὲροντας
1560 2519 1613 2586 καὶ
1634 2518 1702 2608 ὖπέρ

363 2624 474 2688 ἐκείνων
495 2620 593 2692 ὁμοίως
616 2620 802 2704 γίγνεσθαι),
825 2649 894 2686 mox
918 2630 954 2686 ad
972 2631 1135 2689 secuudum
1150 2649 1259 2688 aunum
1276 2628 1334 2690 Gai
1357 2630 1481 2689 adnotat
1500 2631 1625 2690 salitum
1640 2633 1702 2690 ius-

364 2733 523 2792 iurandum
547 2731 672 2789 excluso
696 2731 818 2788 Tiberio
840 2731 870 2788 in
893 2740 961 2789 acta
976 2732 1107 2814 Augusti
1132 2729 1261 2809 Gaiiquc
1283 2732 1458 2810 praestitum
1480 2750 1547 2792 esse
1568 2732 1639 2809 (59,
1655 2731 1703 2808 9):

364 2823 424 2917 arpi
445 2822 477 2890 δὲ
500 2825 533 2904 dd
556 2833 609 2890 τοῦ
631 2823 804 2908 Αυγοῦστου
826 2833 878 2891 τοῦ
897 2855 928 2889 τε
950 2828 1035 2890 Γαίου
1058 2827 1095 2890 rad
1116 2856 1147 2890 τε
1169 2822 1248 2892 ἄλλα
1270 2825 1364 2917 ὥσπερ
1385 2827 1497 2892 εἴθιστο
1519 2825 1567 2892 καὶ
1590 2825 1637 2892 ἔτι
1658 2823 1705 2892 acal

362 2937 445 3013 σφῶν
472 2929 566 2992 αὐτῶν
594 2924 642 2991 καὶ
673 2933 726 2992 τῶν
746 2922 847 2991 τέκνων
868 2923 916 2992 καὶ
938 2932 1038 2992 ἐκεῖνον
1059 2923 1107 2992 καὶ
1133 2929 1186 2996 τὰς
1211 2927 1346 3012 ἆδελφνῖς
1372 2929 1462 2996 αὐτοῦ
1482 2927 1704 3019 προτνμῆσονσνν

363 3023 486 3108 ω’μοσαν.
522 3033 665 3096 Similiter
682 3033 843 3095 Suetonius
865 3034 947 3112 (Gai.
964 3036 1029 3114 15):
1053 3039 1087 3096 de
1101 3039 1258 3108 sororibus,
1280 3036 1330 3109 ait,
1352 3047 1452 3098 auctor
1467 3040 1538 3112 sitit,
1560 3049 1595 3098 ut
1616 3043 1705 3098 amnt·

361 3143 413 3200 bac
438 3142 624 3199 sacramentis
649 3140 826 3196 adiceretur:
853 3157 943 3214 aeque
967 3157 1009 3196 mc
1034 3139 1190 3214 liberosque
1217 3156 1291 3197 meas
1322 3143 1448 3198 cariores
1477 3139 1584 3198 habeba
1618 3157 1703 3217 quam

352 3243 470 3301 Gaium
492 3241 579 3299 labeo
602 3251 628 3299 et
648 3259 760 3299 sorores
783 3243 850 3299 eius.
887 3244 1083 3311 Atsororcs,
1105 3248 1229 3318 propter
1250 3258 1326 3316 quas
1349 3260 1446 3299 rerum
1468 3251 1613 3300 auctores
1629 3243 1705 3300 iuria

353 3344 478 3402 iurandi
502 3344 710 3414 meminerunt,
734 3361 752 3399 a
773 3342 885 3401 tabulis
907 3344 1026 3415 absunt,
1049 3361 1147 3419 neque
1162 3361 1221 3400 non
1237 3343 1344 3401 abesse
1367 3349 1519 3418 poterant3
1541 3361 1616 3402 nam
1637 3363 1706 3402 cnm

361 3447 501 3505 Tiberius
523 3445 648 3503 obiisset
670 3463 697 3502 a.
714 3443 741 3502 d.
759 3443 854 3502 XVII
875 3445 905 3501 lr.
922 3445 1008 3520 Apa,
1031 3443 1216 3522 interpositis
1237 3443 1341 3503 diebus
1357 3445 1474 3503 duobus
1496 3453 1526 3502 et
1547 3446 1705 3521 qninqua-

361 3549 445 3625 ginta
471 3549 501 3606 in
524 3546 634 3624 angulo
655 3545 708 3605 illo
731 3545 907 3605 Lusitaniae
933 3546 1077 3624 oppidani
1102 3547 1140 3604 ad
1164 3557 1379 3604 sacramentum
1406 3547 1463 3604 hoc
1490 3547 1594 3605 adacti
1624 3554 1707 3617 sunt,

359 3651 522 3727 eodemque
545 3649 607 3706 fera
629 3657 776 3724 tempore,
806 3658 885 3706 certe
908 3657 975 3706 ante
997 3650 1027 3708 k.
1049 3647 1121 3718 Iul,
1149 3666 1215 3706 cum
1238 3647 1377 3706 consules
1399 3647 1543 3725 adscripti
1565 3647 1636 3707 sint
1659 3665 1707 3706 se-

360 3753 479 3811 mcstris
506 3751 632 3828 prioris,
659 3750 749 3808 etiam
772 3749 858 3809 Aesii
879 3751 1024 3808 iurarunt.
1069 3749 1151 3807 Illud
1172 3757 1270 3807 autem
1293 3749 1330 3806 de
1352 3749 1508 3808 sororibus
1529 3749 1708 3810 adiciendis

360 3874 395 3912 eo
418 3853 516 3911 minus
540 3870 593 3927 per
613 3851 726 3927 primos
749 3852 818 3909 novi
840 3852 957 3928 imperii
980 3853 1044 3911 dies
1067 3871 1086 3909 a
1108 3849 1188 3910 Gaio
1210 3851 1326 3910 institui
1348 3851 1459 3925 potuit,
1489 3851 1571 3926 quod
1598 3860 1709 3929 aperte
1764 3913 1765 3916 ,

358 3955 437 4014 redit
463 3954 501 4012 ad
528 3953 592 4010 eius
620 3953 743 4028 aliquod
765 3953 913 4011 decretum
942 3953 1124 4023 edictumve‚
1151 3953 1189 4010 ab
1211 3953 1248 4010 iis
1274 3961 1372 4010 autem
1398 3953 1429 4010 in
1456 3953 1577 4026 imperii
1608 3953 1709 4012 initiis

361 4076 427 4114 eum
452 4055 635 4114 abstinuisse
652 4053 712 4112 Dio
735 4055 799 4130 (59,
817 4054 849 4130 2)
873 4063 977 4113 auctor
999 4065 1055 4125 est,
1076 4063 1136 4112 tam
1153 4053 1328 4131 popularem
1347 4071 1415 4110 eum
1435 4055 1574 4113 scribens
1599 4055 1711 4123 fuisse,

359 4151 429 4216 ὥστε
459 4148 528 4227 μήτε
553 4159 597 4232 rpi
618 4147 697 4231 δήμῳ
720 4147 739 4225 ἢ
760 4156 796 4234 τῇ
816 4179 853 4232 γε
879 4149 978 4234 βουλῇ
1004 4146 1127 4238 γράψαι
1149 4178 1174 4212 rr
1197 4145 1267 4225 arira
1293 4155 1346 4212 τῶν
1368 4147 1511 4223 ὄνομνῖτινν
1533 4157 1596 4214 τῶν
1620 4153 1712 4243 ἆρχε-

357 4261 416 4318 univ
439 4249 629 4342 προτθέσθαν
650 4281 687 4317 τι.

399 4363 449 4420 Ex
479 4381 515 4420 ea
541 4363 609 4438 ipsa
635 4380 667 4418 re
694 4359 768 4417 iuris
796 4360 914 4417 iurandi
943 4358 1052 4418 Gelani
1080 4359 1216 4417 condicio
1243 4368 1273 4418 ct
1305 4361 1474 4437 proprietas
1503 4360 1712 4420 descendunt.

359 4466 481 4527 Scilicet
503 4470 721 4522 sacramentum
748 4462 779 4519 in
802 4469 870 4520 acta
896 4462 1063 4538 principum
1089 4461 1140 4536 qui
1166 4461 1289 4520 suerunt
1314 4463 1438 4537 eiusque
1465 4462 1517 4538 qui
1546 4481 1636 4521 nunc
1665 4477 1712 4520 est

358 4583 389 4628 et
413 4569 444 4625 in
472 4568 540 4643 ipso
566 4564 685 4640 imperii
712 4563 860 4639 principio
884 4571 913 4621 et
935 4562 1095 4639 quotannis
1117 4563 1148 4621 k.
1163 4562 1314 4622 Ianuariis
1341 4573 1478 4622 anctum
1501 4582 1521 4621 a
1543 4565 1713 4636 militibus,

356 4669 535 4747 praestitum
564 4667 602 4724 ab
630 4663 823 4739 omnibus1),
856 4683 1036 4741 quamquam
1063 4673 1202 4724 auctores
1235 4684 1295 4724 non
1328 4665 1514 4723 tradiderunt
1545 4667 1714 4742 quomodo

358 4773 496 4830 adactum
519 4769 559 4826 sit
579 4766 713 4842 principe
736 4774 858 4839 mutato,
886 4767 1009 4825 dubium
1032 4785 1181 4826 essenon
1204 4777 1306 4843 potest
1326 4767 1474 4826 communi
1496 4767 1569 4826 iure
1594 4789 1714 4829 novum

356 4873 521 4950 principem
543 4868 574 4926 id
590 4869 728 4946 exegisse
750 4868 813 4926 sive
836 4887 889 4943 per
904 4869 1033 4927 edictum
1056 4868 1173 4946 publice
1195 4869 1381 4945 propositum
1405 4869 1469 4927 siva
1490 4869 1614 4932 litteris
1632 4871 1715 4932 datis

418 5113 440 5176 ¹)
464 5111 622 5167 Staatsreclt
641 5119 656 5166 2
676 5133 701 5182 p.
717 5116 778 5168 168.
