3492 5932
86 490 160 550 arar
504 485 705 539 rnovncorn
731 486 908 539 uvrnnra.
1301 467 1373 540 389

82 661 194 730 urendos
216 677 286 720 esre
307 659 529 719 constituit-
551 659 589 718 27
606 660 671 720 init.
689 675 830 732 oyrucvn
852 661 989 721 traditur.
1006 693 1044 706 -
1066 661 1102 720 31
1122 678 1186 737 seq.
1210 664 1242 720 tn
1262 664 1376 737 arpenti

83 764 129 823 scil.
142 761 252 838 mussa)
275 760 405 840 qo(o)[e]
420 762 552 838 finiendo
573 766 628 821 ait:
651 763 683 822 id
704 762 893 822 referendum
914 772 968 837 est,
991 771 1075 839 puto,
1097 763 1134 821 ad
1149 762 1260 822 iudicia
1274 769 1374 822 extra·

73 865 196 938 ordinaria,
219 883 286 923 cum
310 872 363 922 unt
384 865 555 924 summatim
576 866 814 942 cognoscebatur
837 873 889 923 eut
910 865 972 924 litis
986 866 1206 925 contestatione
1224 874 1374 924 summota

74 981 94 1028 et
108 967 223 1026 omnihus
248 965 514 1041 „frustrationibus
538 968 718 1042 amputatis“
743 985 831 1045 quum
853 968 1008 1026 celerrime
1024 985 1135 1028 caussa
1155 967 1374 1027 diiudicabatur

72 1071 97 1129 cl.
108 1067 415 1146 heumann-Hollweg
435 1067 454 1126 l.
472 1069 492 1126 l.
515 1086 544 1145 p.
562 1068 622 1128 342
638 1087 723 1146 seqq.
757 1070 873 1130 Merces
889 1071 1031 1130 statuitur
1052 1089 1107 1147 pro
1123 1070 1232 1130 officiis
1254 1070 1373 1129 univer-

72 1174 135 1231 risin
151 1171 196 1230 tali
211 1187 325 1230 caussa
344 1170 507 1249 praestitis.
524 1203 562 1216 -
586 1169 625 1230 32
641 1149 706 1232 init.
730 1188 785 1244 Qu
808 1172 944 1233 traditur.
967 1205 1005 1216 —
1029 1174 1070 1232 34
1085 1190 1169 1250 seqq.
1192 1173 1230 1230 ad
1251 1172 1371 1232 libellos

70 1275 173 1333 forenses
194 1272 375 1333 scribendos
399 1292 466 1332 cnm
489 1273 662 1334 scholastici
685 1273 807 1332 omnino
829 1292 889 1333 non
911 1273 1125 1334 descenderent
1146 1274 1198 1350 (ci.
1220 1274 1274 1333 1.1
1298 1271 1367 1350 §11

68 1375 95 1435 D.
112 1378 140 1434 de
156 1385 218 1434 artr.
238 1393 317 1452 cepa.
341 1374 503 1450 (50‚13)),
526 1376 595 1433 huic
617 1377 737 1452 negotio
759 1375 808 1434 hic
830 1385 988 1452 exceptores
1010 1393 1136 1436 vacasse
1158 1377 1312 1450 discimus,
1334 1376 1371 1435 de

66 1479 147 1553 quibus
165 1477 266 1536 rideas
281 1475 610 1554 Bethmann-Hollweg
631 1478 650 1536 l.
666 1477 685 1534 l.
709 1495 738 1554 p.
754 1477 811 1536 153
827 1495 910 1554 seqq.
944 1479 1104 1538 Annonam
1126 1497 1194 1538 cum
1211 1479 1231 1536 ii
1247 1482 1370 1537 omnino

64 1597 106 1638 uon
124 1580 291 1657 acciperent,
316 1579 409 1638 lucris
431 1579 496 1638 sois
518 1580 628 1639 victum
651 1579 845 1657 quaerebant.
883 1579 968 1639 Alibi
991 1599 1093 1640 eorum
1116 1581 1184 1640 loco
1206 1581 1369 1640 tabellicaea

64 1688 312 1741 commemorantur.
335 1713 374 1724 —
398 1681 437 1741 37
453 1682 504 1740 lin.
525 1699 570 1740 mo
591 1681 723 1760 lapicida
744 1682 854 1742 omisit.
878 1715 920 1725 -
943 1682 981 1742 39
1002 1701 1067 1761 seq.
1089 1686 1120 1740 ia
1142 1683 1260 1758 definita
1281 1701 1370 1742 cauea

62 1783 132 1842 rttt
150 1787 177 1842 tn
196 1783 311 1859 definito
331 1787 458 1860 asporto:
485 1784 505 1844 i.
521 1804 546 1843 e.
569 1802 624 1860 pro
647 1784 756 1845 officiis
780 1784 919 1844 omnihus
944 1785 976 1842 in
998 1803 1060 1842 uua
1080 1802 1191 1844 caussa
1212 1801 1308 1861 usque
1330 1785 1370 1843 ad

62 1886 108 1944 rius
125 1887 204 1944 tinem
225 1887 384 1962 praestitis
406 1885 444 1946 ci.
461 1903 555 1964 supra
575 1885 613 1946 ad
635 1905 683 1946 vv.
699 1887 734 1946 31
755 1902 839 1963 seqq.
855 1919 896 1930 -
920 1887 957 1944 41
975 1905 1058 1964 seqq.
1075 1896 1173 1948 carta:
1194 1906 1267 1946 cave
1288 1886 1368 1964 cogi-

60 1998 92 2045 tes
109 1987 139 2044 de
152 1989 352 2060 chartulariis,
375 1990 428 2066 qui
442 2009 461 2047 a
474 1990 565 2049 rebus
579 1988 751 2050 forensibus
773 1988 805 2047 iu
821 1989 992 2048 universum
1008 1989 1146 2049 videntur
1161 1988 1251 2049 alieni
1273 1989 1368 2048 fuisse

61 2087 97 2160 (cf.
113 2088 436 2168 Bethmann·llollweg
457 2091 476 2147 l.
493 2091 514 2148 l.
537 2091 674 2169 p.155);
700 2091 791 2152 immo
814 2109 869 2167 pro
891 2092 994 2150 charta
1014 2092 1046 2150 in
1067 2091 1177 2152 libellis
1199 2092 1366 2152 scribendis

57 2199 203 2269 consumpta
223 2199 370 2268 qnantum
391 2213 410 2251 a
424 2192 612 2269 litigantibus
634 2192 757 2269 exigere
779 2193 868 2252 liceat
888 2193 937 2252 hic
958 2194 1110 2253 statuitur.
1126 2225 1167 2238 -
1190 2193 1231 2269 [v.
1248 2193 1287 2252 42
1311 2211 1366 2270 pro

59 2295 190 2352 srucvrllu
216 2293 396 2354 crediderim
422 2295 454 2353 iu
479 2294 580 2372 lapide
607 2311 677 2355 esse
703 2311 864 2368 arnovius,
897 2295 968 2354 item
990 2313 1018 2354 v.
1040 2297 1081 2354 44
1109 2311 1284 2369 Quarrvou
1309 2314 1365 2372 pro

57 2409 208 2467 mertuos,
236 2396 322 2472 qnod
343 2395 480 2455 traditur.
510 2395 568 2455 Tu.
585 2396 640 2473 M.]
664 2429 702 2440 -
726 2398 765 2456 45
788 2397 916 2456 auditur
938 2413 1019 2469 Qun.
1044 2431 1082 2442 -
1111 2399 1151 2458 46
1173 2399 1244 2457 item
1266 2413 1365 2459 orou-

56 2508 141 2564 rsssn
168 2495 325 2558 libellcueie
347 2498 412 2571 erit,
435 2498 486 2576 qui
508 2498 743 2574 supplicationes
765 2499 897 2559 cuiusvis
918 2499 1038 2576 generis
1060 2518 1115 2576 pro
1136 2499 1273 2559 mercede
1295 2517 1365 2559 con·

54 2597 175 2658 scribebat
194 2599 345 2677 praesidis
368 2600 469 2659 officio
491 2600 561 2660 item
585 2600 776 2679 adgregatos.
800 2633 839 2644 -
863 2601 902 2660 48
925 2601 1073 2681 utsupra
1094 2602 1132 2662 ad
1154 2621 1201 2660 vr.
1219 2600 1259 2661 20
1279 2618 1363 2679 seqq.

82 2714 205 2779 Ceterum
229 2719 313 2797 quod
336 2720 487 2798 sportulas
509 2729 540 2780 et
561 2729 699 2798 sumptus
722 2723 753 2781 in
775 2721 894 2782 iudiciis
915 2720 1061 2782 faciendis
1084 2743 1103 2782 a
1118 2722 1221 2801 quinto
1244 2721 1363 2782 demum

53 2821 147 2878 merlo
167 2822 268 2882 medio
291 2822 423 2901 legitime
445 2823 607 2882 constituta
622 2840 688 2883 esse
706 2824 809 2883 scribit
824 2823 1149 2902 Bethmann-Hollweg
1169 2827 1189 2884 l.
1205 2824 1225 2884 l.
1249 2844 1278 2903 p.
1292 2825 1363 2900 200,

52 2917 73 2976 ld
89 2921 269 3000 aliquatenus
293 2933 421 3004 apparet
441 2925 648 3003 corrigendum
672 2943 739 2986 esse
759 2925 882 2986 invento
904 2927 961 2985 hoc
983 2937 1183 2988 monumento.

846 3243 1363 3254 *nh———n—

47 3501 99 3562 098
117 3506 269 3587 Timghed
294 3529 359 3587 rep.
381 3511 411 3570 in
432 3513 500 3571 foro
522 3513 607 3572 iuxta
628 3533 656 3573 n.
674 3512 743 3573 696.

529 3739 549 3776 α
928 3721 944 3779 0

331 3868 461 3913 sunio
482 3870 659 3914 annuato
685 3871 735 3914 no
764 3871 840 3915 suno
862 3870 961 3914 rvsuo
983 3871 1002 3914 c
1024 3873 1066 3915 su

331 3973 375 4015 ur
407 3970 605 4014 rusvranr
635 3972 733 4015 ru00
760 3974 954 4017 ruscrvs
987 3975 1066 4016 usu

330 4073 606 4118 rusorursusrs
639 4075 693 4118 sn.
723 4062 733 4120 1
759 4075 940 4118 suurut
1005 4074 1065 4117 oo

331 4177 411 4219 usur
432 4175 603 4219 susurrus
626 4189 651 4231 p.
669 4177 931 4231 aasrorr
995 4179 1010 4216 e

258 4283 271 4322 a
328 4277 1064 4323 coucrtrvuruou.ssurcass

41 4495 122 4563 Poulle
140 4525 194 4568 rec.
216 4510 254 4567 de
281 4507 385 4568 omar.
401 4506 499 4566 XXII
522 4507 633 4584 (1883)
655 4528 684 4587 p.
702 4508 761 4568 357
785 4529 813 4568 u.
833 4509 901 4568 100.

72 4623 80 4679 l
101 4637 146 4686 rut
165 4638 213 4689 est
233 4615 423 4706 legendnm}
444 4647 536 4706 puero
558 4628 746 4705 odor-tauma)
767 4623 856 4710 Aulai
876 4638 933 4688 cet.
957 4639 1008 4688 aut
1030 4629 1143 4688 excidit
1163 4644 1262 4688 unac
1289 4635 1358 4688 ante

42 4723 146 4802 duan,
166 4751 237 4792 nam
258 4749 361 4808 puero
377 4730 422 4789 sic
439 4730 517 4789 uude
530 4729 663 4791 offendit.
698 4731 808 4808 [Magis
830 4731 1007 4790 crediderim
1029 4732 1117 4810 plura
1131 4729 1256 4788 delicere
1278 4731 1358 4789 hunc

42 4823 62 4880 iu
81 4833 184 4894 modurn
206 4833 351 4910 Do[rrato
378 4831 555 4908 clariaJsimo
577 4851 683 4910 puero,
713 4851 780 4893 cum
807 4833 899 4892 etiam
926 4835 1084 4910 sequentia
1108 4831 1263 4893 vocabulis
1291 4850 1356 4909 per-

42 4929 131 5006 ttu'ptis
150 4937 197 4996 rel
219 4935 344 4996 additia
367 4934 450 4994 nullo
472 4935 593 5011 negotio
615 4934 753 5012 ampliari
775 4935 903 5012 possint.
945 4935 1005 4995 Tu.
1020 4934 1075 5011 M.]

72 5048 106 5110 lle
125 5055 156 5114 0.
170 5060 275 5118 Annio
300 5055 457 5115 Flaviano
478 5054 539 5114 vid.
562 5075 590 5114 n.
608 5055 684 5128 699,
712 5055 750 5114 de
777 5056 905 5115 concilio
931 5074 1015 5134 prov.
1038 5054 1161 5113 Africae
1182 5054 1358 5132 Marquardt

44 5150 88 5224 eph
101 5157 182 5236 epigr.
195 5159 218 5234 I,
236 5157 303 5218 212
322 5174 401 5233 aeq,
425 5157 463 5216 cf.
480 5155 518 5216 0.
531 5155 706 5216 Hirschfeld
721 5177 789 5216 auu.
805 5156 1068 5217 inst.arch.1tom.
1084 5155 1163 5216 1866
1179 5176 1208 5233 p.
1222 5157 1260 5216 69
1272 5175 1356 5234 seqq.
