3574 5942
365 419 436 492 134
941 443 1125 495 nouusuu

361 616 499 683 omuibus
522 615 700 689 permissum
723 632 802 686 esse,
825 625 857 673 ut
879 634 917 673 ex
938 615 1118 676 officialibus
1142 616 1205 675 suis
1227 617 1392 694 principem
1415 627 1551 676 crearent
1573 618 1698 676 eundem

364 717 488 774 militem
512 726 541 773 et
562 723 715 774 transacto
732 717 831 774 officio
854 736 920 775 cum
944 718 1126 791 protectoris
1141 718 1285 796 dignitato
1302 718 1519 779 dimittendum.
1554 717 1615 778 Sed
1637 721 1698 778 eius

363 818 491 876 instituti
515 817 632 876 Notitia
654 817 828 894 dignitatum
852 818 965 893 scripta
987 819 1042 876 sub
1062 819 1190 878 Arcadio
1213 827 1242 878 et
1263 820 1400 880 Honorio
1423 821 1630 880 tantummodo
1653 842 1698 878 ru-

364 921 437 978 dera
452 927 607 977 monstrat.
641 917 762 978 Scilicet
782 927 942 994 postquam
959 919 1156 980 Constantius
1176 923 1206 979 ni
1226 922 1316 982 fallor
1330 933 1452 998 agentes
1467 925 1497 981 iu
1513 924 1601 981 rebus
1616 923 1699 980 iusti·

366 1022 423 1079 tuit
448 1022 625 1079 constitutos
652 1022 709 1079 sub
731 1022 876 1099 magistro
899 1021 1080 1094 officiorum,
1108 1024 1259 1100 plerisque
1285 1025 1510 1102 magistratibus
1537 1024 1699 1082 maioribus

366 1124 516 1198 principes
531 1122 697 1180 officiorum
716 1141 755 1180 ex
772 1124 923 1199 agentium
940 1124 1045 1181 schola
1059 1123 1191 1198 deputati
1208 1137 1287 1194 suut,
1309 1135 1339 1183 et
1360 1144 1420 1200 quo
1437 1134 1568 1200 tempora
1583 1125 1701 1184 Notitis

366 1225 478 1301 scripta
493 1237 548 1297 est,
563 1234 594 1283 ut
608 1226 637 1282 in
647 1224 820 1284 Occidentis
832 1226 966 1301 portibus
982 1225 1057 1282 nulli
1075 1226 1141 1284 duci
1155 1227 1333 1302 permittitur
1344 1228 1508 1304 principem
1524 1226 1648 1286 scholae
1663 1245 1700 1284 ex

368 1345 424 1385 suo
447 1327 547 1384 officio
570 1326 737 1397 adsumere,
765 1327 919 1384 imminuto
943 1327 1057 1385 scilicet
1079 1327 1142 1385 iure
1164 1329 1270 1386 ducum
1293 1327 1467 1388 Stilichonis
1491 1329 1634 1405 potentia,
1660 1329 1702 1384 ita

366 1428 396 1484 in
413 1424 537 1484 Oriente
560 1446 678 1503 quoque
699 1447 765 1487 curn
789 1429 970 1504 reliquarum
992 1428 1174 1487 dioecesium
1197 1429 1287 1488 duces
1311 1431 1475 1506 principem
1497 1429 1646 1506 accipiant
1666 1429 1703 1486 de

369 1528 473 1585 schola
495 1529 661 1604 agentium,
688 1530 718 1586 in
745 1531 791 1588 his
814 1531 1062 1604 Mesopotamiae,
1090 1548 1175 1605 quem
1203 1531 1258 1589 sub
1282 1530 1460 1590 Constantio
1487 1533 1611 1606 antiquo
1639 1533 1702 1588 iure

370 1647 457 1687 usum
480 1649 547 1686 esse
569 1630 712 1701 vidimus,
742 1633 851 1690 mansit
877 1633 1001 1707 antiqua
1023 1631 1173 1690 ordinatio
1200 1633 1231 1690 in
1255 1633 1327 1691 solis
1350 1633 1537 1691 dioecesibus
1559 1632 1703 1690 Thracia-

369 1750 436 1789 rum
458 1738 487 1788 et
508 1731 632 1806 lllyrici,
656 1742 688 1788 ut
709 1733 749 1790 ibi
771 1735 909 1811 princeps
933 1733 1053 1792 scholae
1075 1752 1113 1792 ex
1134 1733 1257 1792 duciano
1278 1735 1376 1792 officio
1392 1735 1542 1810 profectus
1565 1735 1705 1809 complete

368 1834 487 1905 militis,
518 1843 548 1891 ut
571 1834 612 1890 eit
634 1832 763 1905 Nuntia,
796 1837 900 1893 adoret
917 1835 1112 1911 protector1).
1172 1835 1288 1895 Horum
1310 1845 1509 1913 protectorum
1536 1856 1575 1894 ex
1597 1836 1706 1893 militia

369 1936 571 2012 profectorum
594 1935 731 2011 exempla
752 1936 832 1994 tituli
853 1955 972 2012 quoque
995 1937 1195 2014 suppeditant,
1218 1939 1278 1995 rari
1300 1938 1332 2010 ii,
1354 1958 1422 1998 oum
1444 1939 1501 1996 hac
1519 1946 1619 1997 aetate
1640 1957 1705 1996 cur-

370 2054 422 2096 sus
444 2038 590 2094 honorum
612 2037 757 2112 perscribi
779 2037 841 2096 fere
863 2038 1017 2111 desierint,
1040 2039 1093 2097 sed
1114 2039 1271 2098 luculenti:

454 2158 483 2196 n.
502 2139 540 2196 14
563 2138 727 2196 ordinaries
751 2140 804 2214 lep.
820 2141 858 2195 II
875 2141 998 2199 Itcls'ess
1019 2141 1209 2199 Divitensism
1232 2173 1269 2184 -
1289 2151 1441 2218 protector,

454 2260 483 2297 n.
500 2241 538 2298 43
561 2241 641 2298 miles
665 2239 717 2315 lep.
735 2240 789 2298 XI
809 2238 853 2298 CI.
879 2275 916 2284 -
940 2241 1034 2316 (miles
1057 2242 1123 2318 lep.)
1146 2243 1352 2300 lanciariorum
1373 2275 1413 2285 -—
1432 2248 1554 2318 proterit
1576 2265 1604 2302 a.
1620 2244 1649 2300 V
1666 2275 1707 2287 -

525 2345 628 2400 mitens
646 2375 682 2383 -
696 2345 790 2418 praefi
808 2341 861 2418 lep.
874 2343 912 2399 II
922 2343 1075 2401 Herculius
1089 2362 1180 2401 annos
1191 2343 1231 2400 II
1241 2363 1346 2404 mersses
1363 2345 1457 2403 VI-
1473 2345 1550 2404 vixit
1564 2364 1591 2403 a.
1604 2344 1707 2404 XLV.

525 2444 559 2500 ln
582 2444 699 2518 legione
722 2443 800 2502 huno
822 2445 965 2502 meruisse
990 2465 1043 2520 per
1065 2463 1160 2503 annos
1182 2463 1206 2502 e.
1220 2445 1283 2504 XX
1306 2448 1336 2503 in
1366 2447 1558 2505 adnotatione
1584 2447 1709 2504 demon-

525 2546 629 2614 stravi,

456 2668 483 2707 ιι.
501 2647 541 2704 30
565 2647 657 2722 (miles
681 2646 747 2722 lep.)
763 2650 942 2706 Iovianorum
965 2667 992 2705 a.
1003 2647 1154 2706 XXVIII
1165 2681 1204 2692 --
1223 2659 1366 2724 protestor
1381 2651 1548 2708 domesticus
1569 2669 1598 2708 e.
1609 2651 1656 2708 VI
1668 2682 1708 2692 -

523 2751 686 2825 praefectus
714 2749 861 2807 locetura'is
887 2751 1044 2808 sceleritas
1066 2783 1107 2794 -
1129 2750 1309 2826 (sequuntur
1335 2751 1464 2810 honores
1491 2750 1558 2826 alii)
1582 2784 1621 2795 —
1646 2754 1708 2810 vix.

528 2871 555 2908 a.
570 2849 699 2919 LXXV,

458 2971 487 3010 ιι.
504 2952 542 3010 37
566 2951 646 3009 miles
673 2951 724 3026 lep.
741 2951 763 3007 I
783 2951 942 3011 IrIirrsroles
964 2971 991 3010 α.
1008 2953 1037 3012 V
1053 2985 1094 2996 --
1119 2955 1199 3011 miles
1227 2953 1278 3028 lep.
1295 2953 1350 3010 XI
1370 2973 1397 3011 s.
1414 2955 1464 3012 IV
1482 2988 1520 2998 -
1547 2957 1628 3013 seiles
1656 2955 1710 3030 leg.

529 3053 687 3110 larcianae
708 3070 735 3108 a.
753 3053 781 3110 V
798 3085 836 3094 -
856 3063 1000 3128 protector
1021 3073 1048 3112 a.
1066 3055 1093 3111 V
1111 3087 1151 3098 -—
1175 3055 1250 3111 vixit
1271 3074 1298 3111 a.
1313 3054 1496 3127 XXXVIII,

458 3175 486 3212 n.
503 3153 541 3212 29
565 3173 647 3229 eques
669 3153 860 3212 vacillationes
882 3155 1107 3232 Fssinnsese(i)
1129 3174 1156 3213 a.
1173 3156 1282 3214 XXIII
1307 3190 1345 3200 —
1364 3167 1510 3233 protector
1531 3179 1557 3216 a.
1574 3159 1608 3216 V.

416 3275 484 3333 Hoc
505 3273 624 3332 nomine
646 3281 864 3349 protectoratus
880 3273 995 3339 duobus
1013 3275 1110 3333 modis
1127 3276 1302 3334 coniunctus
1318 3286 1365 3334 est
1385 3295 1451 3334 oum
1468 3278 1615 3336 institutis
1632 3278 1712 3335 mili-

374 3377 491 3436 taribus
512 3375 625 3434 sacculi
647 3375 789 3434 melioris.
830 3375 963 3434 Primum
986 3377 1065 3452 quod
1088 3377 1291 3436 demonstravi
1312 3397 1377 3436 cum
1400 3379 1564 3436 secundum
1587 3378 1712 3437 illorum

375 3479 530 3538 titulorum
554 3477 677 3534 edebam
700 3477 836 3534 militium
858 3476 1053 3553 legionariam
1077 3479 1196 3537 saeculo
1213 3479 1342 3538 secundo
1365 3479 1512 3555 tertioque
1533 3484 1576 3538 ita
1596 3481 1712 3538 iactam

376 3599 444 3640 esse
467 3596 614 3636 annorum
629 3578 762 3654 quinque
777 3587 805 3636 et
821 3577 935 3656 viginti,
959 3587 990 3636 ut
1012 3580 1122 3640 milites
1138 3580 1288 3657 stIpcndia
1307 3591 1454 3640 mererent
1469 3581 1623 3639 ordinaria
1638 3583 1713 3654 XX,

374 3680 562 3748 immuniaV,
585 3685 688 3753 aperte
702 3679 732 3734 in
750 3680 966 3755 protectoribus
982 3681 1029 3740 his
1045 3682 1265 3757 quodammodo
1281 3682 1408 3754 duravit,
1423 3701 1602 3758 quamquam
1620 3684 1713 3742 iidem

375 3784 452 3842 tituli
475 3781 636 3840 ostendunt
657 3780 755 3856 spatia
776 3799 836 3838 nou
857 3783 945 3838 anxie
973 3791 1089 3842 retenta
1110 3803 1190 3856 esse,
1219 3784 1271 3842 sed
1299 3802 1353 3859 pro
1377 3785 1488 3842 saeculi
1517 3786 1649 3844 labentis
1678 3788 1715 3843 li·

375 3885 471 3944 centia
492 3883 581 3940 modo
604 3891 690 3939 aucte
711 3882 852 3953 inveniri,
879 3883 968 3941 modo
990 3885 1153 3942 imminuta.
1199 3885 1304 3943 Potest
1330 3885 1418 3942 etiam
1446 3903 1501 3960 per
1521 3888 1636 3962 gradum
1665 3906 1715 3946 res

377 3985 576 4062 processisse3
609 3982 738 4042 fortasse
765 4003 831 4041 cum
859 3993 1042 4058 protectores
1069 3986 1137 4043 nori
1165 3988 1293 4063 primum
1320 3987 1425 4045 tierent
1458 3988 1561 4046 selecti
1595 3997 1715 4048 tantum

378 4087 521 4158 veterani,
544 4084 719 4162 praesertim
742 4084 793 4160 qui
809 4084 930 4144 ordines
945 4086 1110 4157 duxissent,
1133 4106 1199 4146 enm
1221 4089 1320 4146 locum
1336 4099 1488 4164 oeperunt,
1511 4097 1618 4164 postea
1643 4109 1717 4148 vero

378 4189 475 4246 honor
501 4188 640 4265 vulgatus
668 4197 722 4244 est.
749 4219 791 4229 —
817 4185 934 4245 Deinde
962 4187 1041 4264 quod
1074 4189 1280 4265 praetorianos
1311 4189 1521 4248 Diocletianus
1553 4191 1717 4264 imminuit,

439 4373 463 4435 ¹)
483 4372 652 4424 Protectorern
671 4375 741 4438 quod
760 4375 869 4425 traditur
889 4381 989 4426 constet
1006 4382 1050 4425 aut
1068 4377 1105 4426 its
1123 4376 1314 4426 emendandum
1334 4393 1389 4427 esse
1408 4385 1452 4427 sut
1470 4378 1580 4428 fortasse
1598 4381 1718 4430 scriben-

380 4467 440 4516 dum
458 4481 507 4532 pro
523 4472 674 4531 protectore.
719 4466 763 4515 Ad
787 4468 919 4532 antiquam
941 4468 1130 4518 ordinationem
1155 4469 1205 4518 hoc
1229 4484 1330 4534 quoquc
1355 4470 1515 4534 aliquatenus
1539 4470 1619 4532 redit,
1646 4473 1719 4536 quod
1778 4505 1779 4508 =

380 4558 520 4607 secundum
538 4557 665 4607 Notitiam
685 4557 837 4622 dignitatum
858 4560 976 4623 princeps
1001 4560 1083 4608 oflicii
1108 4560 1181 4610 ducis
1200 4561 1336 4624 deputatus
1362 4576 1395 4610 ex
1421 4561 1512 4610 schola
1529 4563 1664 4626 egentium
1693 4565 1720 4612 in
1778 4583 1779 4588 ¹

379 4650 456 4698 rebus
475 4656 603 4698 transacto
624 4649 711 4699 officio
730 4641 895 4700 ‘ducenarius
915 4642 1031 4712 adorat'3
1057 4652 1154 4700 scilieet
1174 4660 1232 4717 post
1251 4653 1380 4702 institutos
1399 4661 1503 4718 egentes
1522 4654 1549 4702 in
1569 4653 1650 4702 rebus
1671 4655 1718 4703 du·
1778 4707 1779 4710 ,

381 4741 525 4790 ceneriatus
544 4754 561 4789 a
580 4743 735 4803 protectoris
754 4741 878 4805 dignitate
898 4742 1012 4791 divulsus
1032 4749 1085 4792 tum
1104 4743 1158 4792 fere
1179 4744 1211 4792 iis
1230 4743 1305 4793 datus
1325 4751 1364 4794 est
1376 4761 1434 4794 eum
1454 4746 1553 4808 quiens
1566 4759 1720 4807 praecesse·
1778 4763 1779 4800 ι

377 4839 437 4881 rant
455 4833 489 4881 ad
508 4833 690 4896 protectoriam
705 4833 856 4896 dignitatem
870 4834 976 4882 admissi
990 4841 1082 4882 essent.
1098 4861 1130 4870 —
1147 4835 1300 4894 Vitalianus,
1322 4849 1398 4899 quem
1411 4835 1563 4886 Ammianus
1578 4837 1624 4897 25,
1643 4837 1720 4897 los
1778 4859 1779 4884 ι

379 4924 417 4972 ait
435 4924 543 4974 militem
562 4939 576 4973 e
595 4940 702 4974 numero
716 4924 872 4974 Herulorum
892 4925 945 4988 (qui
965 4925 992 4974 in
1005 4925 1106 4975 Notitia
1124 4925 1195 4989 dign.
1216 4926 1282 4976 inter
1301 4927 1401 4975 auxilia
1413 4927 1533 4976 Palatius
1551 4930 1721 4992 comparent)
1778 4941 1779 5004 ᾗ

379 5015 578 5066 domesticorum
597 5016 726 5066 consortio
746 5015 895 5066 adiunctum
915 5031 979 5078 esse,
999 5031 1051 5066 non
1073 5025 1124 5066 tam
1144 5031 1191 5081 pro
1211 5023 1333 5068 veterano
1348 5031 1424 5084 quam
1437 5018 1542 5083 speciali
1555 5019 1647 5083 gratia
1659 5035 1721 5085 pru·
1778 5063 1779 5084 ξ

377 5113 462 5156 motus
481 5113 527 5170 est,
546 5107 601 5158 fere
620 5113 649 5156 ut
666 5107 740 5158 Deze
759 5107 828 5170 (vide
847 5123 873 5173 p.
890 5107 962 5170 131).
1778 5087 1779 5106 χ
