3492 5932
380 451 452 523 350
816 473 1090 524 unnrrumnrrus
1119 470 1201 522 von
1216 472 1286 521 vni
1590 473 1682 522 are-sir

380 641 448 702 556
471 646 501 701 in
523 645 699 721 fragmentis
715 647 845 722 quinque
860 647 929 705 altis
947 666 984 705 m.
1000 646 1080 719 0,60‚
1103 646 1173 704 latis
1189 665 1208 702 a
1223 643 1304 718 359,
1327 644 1343 700 5
1359 643 1440 717 556,
1463 663 1478 702 c
1494 643 1573 716 254,
1591 644 1684 716 aaa,

422 745 535 819 east,
557 748 614 806 litt.
632 748 704 822 0,30
726 768 789 825 rep.
812 749 983 807 Tebursuk.

661 902 679 939 a
891 884 907 940 b
1156 902 1170 939 c
1397 883 1417 938 d

577 971 761 1043 'usercense
809 999 1010 1044 CAE10N101V
1060 1000 1154 1044 riano
1176 1000 1266 1042 surm
1316 997 1407 1042 ssrho
1430 998 1510 1042 enoc

958 1124 971 1161 θ

873 1220 994 1265 ONSVLE
1016 1222 1161 1266 Clarissimo
1181 1225 1230 1264 atro

381 1341 479 1401 Nobis
506 1341 588 1399 misit
615 1340 765 1400 Poinssct.
820 1341 869 1399 Ad
897 1340 1030 1400 eiusdem
1060 1341 1230 1418 exemplum
1264 1341 1339 1400 edid.
1374 1338 1407 1398 C.
1437 1339 1544 1398 Tissot
1576 1341 1691 1396 troiaiirre

383 1455 506 1522 rapport
527 1464 556 1521 p.
574 1445 601 1503 6.

423 1545 618 1604 Dedieactem
641 1546 748 1605 Tissct
776 1547 944 1622 suspicatur
966 1547 1091 1605 eundem
1115 1563 1180 1604 esse
1203 1551 1293 1622 atque
1315 1543 1467 1602 Alfenium
1490 1541 1638 1600 Ceionium
1656 1543 1692 1598 Iu·

382 1649 495 1706 lienum
519 1647 691 1706 Camenium
716 1646 765 1723 (C.
778 1646 838 1719 VI,
874 1648 984 1723 1675),
1013 1649 1062 1724 qui
1089 1649 1146 1706 fuit
1174 1647 1344 1723 praefectus
1367 1647 1433 1704 urbi
1461 1664 1488 1702 a.
1506 1645 1565 1703 333
1592 1653 1618 1701 et
1637 1662 1693 1701 con·

384 1749 494 1808 sularis
508 1748 669 1808 Numidiae
691 1758 759 1807 ante
782 1770 808 1808 a.
823 1751 898 1824 330,
921 1757 952 1808 ut
967 1751 1103 1810 Africam
1124 1749 1380 1808 administraverit
1401 1755 1535 1824 tempore
1551 1748 1623 1805 inter
1636 1747 1694 1803 haee

386 1853 445 1911 duo
471 1871 594 1910 munera
614 1853 799 1910 intermedio.

798 1974 875 1979 —.-
877 1974 949 1980 ----
951 1975 1071 1982 „—
1072 1976 1102 1982 -
1104 1970 1694 1982 --—-———-·—-··——-··—-·

386 2041 455 2103 557
479 2045 640 2105 Tebursuk
662 2049 691 2105 in
715 2047 840 2105 aedibus
864 2049 1000 2122 privatis.

971 2167 1140 2208 DMS

940 2250 1166 2292 intravi*

938 2334 958 2374 Λ
1028 2333 1166 2375 ΝΛΜ

942 2415 1166 2458 GODDl

878 2499 1166 2542 5ΝΑΡΙΙΛ

964 2583 1136 2624 lxxxiii

942 2666 961 2706 H
1047 2665 1062 2706 S
1152 2666 1167 2706 Ε

391 2754 558 2845 Descripsi.
592 2770 709 2829 Nomen
732 2769 817 2846 prius
839 2776 935 2828 utrum
959 2769 999 2827 sit
1020 2769 1140 2828 laicata
1160 2769 1344 2828 anlaioado
1365 2785 1426 2824 non
1445 2766 1555 2842 liquei3
1578 2765 1702 2828 ciNurr·

389 2873 478 2948 padda
499 2871 590 2930 4906.
607 2872 698 2930 4907.
716 2870 806 2930 6529,
823 2871 913 2944 9199,
935 2871 1133 2948 Nampedeaia
1156 2869 1246 2928 2325.

702 3156 824 3215 LXVa.
863 3153 934 3214 VCI
957 3152 1088 3214 MAIVS
1115 3154 1183 3229 (Ην.
1208 3151 1415 3228 ed·Dadmia).

440 3291 562 3352 Uritano
584 3295 649 3364 due,
671 3298 764 3352 maias
786 3305 814 3352 et
832 3297 923 3352 micas
945 3292 1062 3351 Plinius
1090 3299 1224 3349 recenset
1249 3291 1327 3350 inter
1349 3291 1460 3369 oppida
1481 3291 1592 3350 civium
1613 3291 1706 3349 Roma·

392 3415 498 3454 norum
519 3397 548 3453 h.
564 3416 594 3452 n.
611 3396 639 3466 5,
656 3398 685 3468 4,
702 3398 729 3454 4.
764 3383 870 3461 Odmiir
894 3395 975 3472 quod
995 3394 1102 3472 legitur
1123 3393 1202 3470 apud
1219 3393 1424 3454 Ptolemaeum
1446 3395 1475 3466 4,
1493 3393 1521 3466 3,
1541 3393 1579 3452 29
1601 3415 1637 3452 ex
1650 3381 1706 3448 Oia

393 3505 566 3572 corruptum
589 3517 654 3556 esse
677 3497 805 3556 coniecit
827 3497 999 3556 hlorcellius
1020 3496 1085 3555 Ah.
1106 3496 1207 3554 christ.
1223 3494 1248 3568 Ι,
1270 3496 1339 3555 343.
1385 3493 1418 3556 Si
1442 3496 1645 3574 corrigendum
1663 3503 1707 3564 est,

394 3609 426 3659 ut
447 3599 564 3657 videtur
586 3618 669 3672 esse,
703 3588 787 3656 Οῧκι
809 3591 848 3664 β’
869 3600 888 3660 i.
906 3618 931 3657 e.
953 3598 1004 3657 Uei
1026 3600 1092 3670 dae,
1125 3617 1162 3658 ea
1182 3598 1260 3656 inter
1285 3616 1318 3657 se
1344 3596 1443 3656 vicina
1463 3598 1559 3658 fuisse
1585 3599 1708 3674 sequitur.

395 3699 441 3761 cf.
458 3701 547 3759 etiam
571 3719 664 3777 supra
684 3721 713 3758 n.
727 3700 796 3758 442.
834 3697 886 3759 Uei
901 3699 1001 3758 Maias
1024 3699 1143 3758 ubinam
1166 3699 1254 3757 fuerit
1275 3718 1353 3758 nunc
1373 3700 1404 3757 in
1420 3710 1523 3777 aperto
1539 3707 1585 3760 est
1599 3698 1709 3758 inventis
1733 3681 1734 3742 l

394 3804 490 3861 titulis
513 3821 541 3861 n.
558 3802 742 3874 558-561,
764 3804 795 3862 in
817 3804 926 3878 quibus
948 3802 1116 3879 appellatur
1138 3809 1192 3860 aut
1213 3801 1327 3860 colonio
1345 3801 1488 3860 Mariana
1510 3803 1583 3878 (om.
1605 3821 1632 3859 n.
1648 3799 1709 3872 555)
1733 3827 1734 3876 p

395 3905 530 3981 Aspasia
543 3905 766 3964 Alexandriana
782 3905 853 3963 Uchi
864 3905 963 3962 Maias
981 3905 1023 3980 (n.
1036 3903 1110 3975 5583
1139 3903 1344 3962 Uchitoaoram
1355 3902 1499 3962 Motorum
1522 3925 1552 3963 n.
1565 3903 1633 3962 559.
1649 3900 1710 3974 561)

395 4016 446 4066 aut
457 4007 578 4065 brevius
590 4006 729 4083 ool(onia)
743 4006 946 4066 Uehitaaorara
956 4007 1102 4064 Maiorem
1114 4003 1249 4080 (utto).
1273 4002 1320 4065 cf.
1334 4005 1493 4065 Aur.Vict.
1506 4006 1544 4064 de
1556 4006 1609 4063 vir.
1621 4004 1660 4061 ill.
1668 4004 1709 4059 l3:
1733 3993 1734 4082 l

394 4108 432 4166 L.
449 4108 611 4184 Appuleiae
627 4107 802 4168 Saturninae
816 4153 822 4167 .
837 4155 843 4169 .
859 4120 890 4168 at
910 4113 1036 4184 pralium
1050 4108 1252 4166 Marianorarm
1272 4107 1390 4166 militam
1409 4118 1542 4183 pararet,
1565 4107 1646 4184 lepem
1661 4103 1713 4165 tulit

395 4221 426 4270 at
447 4214 588 4270 veteranis
611 4221 725 4270 centena
746 4215 814 4288 apri
835 4215 936 4287 iapera
957 4213 986 4268 ia
1008 4209 1115 4286 Africa
1137 4211 1338 4268 dividerentur.
1376 4208 1519 4269 Videmus
1541 4209 1631 4287 igitur
1649 4208 1712 4264 hane

396 4313 514 4390 quidem
530 4312 682 4391 regionem
694 4313 817 4372 Africae
832 4315 940 4372 veteris
954 4312 1065 4371 finibus
1078 4311 1223 4370 inclusam
1234 4311 1336 4370 fuisse.
1358 4311 1539 4371 Deductioni
1555 4330 1574 4369 a
1585 4309 1618 4370 C.
1630 4309 1713 4367 llario

395 4417 531 4492 inceptae
546 4417 700 4492 Augustus
723 4417 809 4476 novis
828 4416 945 4475 colonis
961 4417 1061 4474 missis
1076 4414 1228 4473 succurrit.
1263 4412 1449 4472 Octavianus
1465 4413 1622 4488 episcopus
1633 4412 1712 4487 pletis

402 4518 454 4577 Uei
474 4519 567 4575 maias
589 4527 839 4576 commemoratur
859 4518 889 4576 in
912 4517 1068 4576 collatione
1082 4514 1186 4577 Carth.
1204 4515 1394 4591 (Harduinus
1417 4515 1522 4574 concil.
1537 4515 1563 4587 I,
1589 4511 1713 4583 10880).
1733 4545 1734 4566 r

397 4619 504 4697 Neque
526 4618 623 4676 minus
646 4620 704 4677 huc
726 4627 861 4694 spectare
879 4617 987 4678 Caium
1006 4618 1169 4689 Uriteaaem,
1193 4636 1279 4694 quem
1294 4617 1373 4676 inter
1387 4617 1544 4694 episcopas
1559 4614 1714 4694 provinciae

396 4721 619 4798 proconsularis
650 4721 687 4779 ab
710 4721 862 4779 Hunerieo
890 4723 921 4778 in
950 4720 1074 4778 exilium
1100 4719 1210 4778 missos
1239 4718 1375 4793 perhibet
1399 4718 1506 4776 notitia
1532 4737 1559 4775 a.
1576 4718 1648 4788 483,
1672 4713 1734 4802 erl

396 4823 498 4901 posuit
519 4821 693 4880 Marcelline
716 4821 782 4879 Ah.
804 4821 907 4880 christ.
930 4823 950 4880 Ι.
974 4822 993 4879 l.
1045 4821 1183 4897 Denique
1206 4820 1360 4897 Tripolius
1388 4819 1526 4879 Ucitoaua
1553 4809 1734 4902 subscripsit}

397 4924 544 5000 epistulae
566 4922 604 4981 ad
624 4923 753 4983 Paulum
770 4921 1060 5000 Constantinopolim
1083 4922 1192 4981 missae
1215 4923 1251 4980 de
1274 4921 1484 4980 monotheletis
1509 4939 1536 4979 a
1553 4921 1614 4980 646
1636 4917 1715 4994 (Hsr-

398 5027 505 5085 duinus
528 5025 634 5084 concil.
651 5024 710 5095 111,
727 5021 848 5099 toan).
865 5057 901 5066 —
920 5023 1081 5084 Civitatem
1097 5023 1349 5097 Bencennensem,
1372 5023 1454 5082 euius
1475 5023 1646 5082 memoriam
1665 5037 1714 5078 ser·
1733 5013 1734 5094 l

398 5127 479 5185 ravit
499 5127 587 5185 etiam
604 5124 863 5202 Carthaginiensis
886 5126 988 5186 titulus
1010 5145 1102 5205 supra
1122 5146 1151 5186 n.
1168 5125 1240 5201 459,
1263 5145 1301 5186 ex
1322 5146 1351 5188 n.
1366 5125 1425 5185 524
1447 5124 1629 5204 intellegitur
1649 5121 1717 5182 colo·

399 5229 467 5288 niae
487 5228 636 5290 Ucitanae
657 5227 786 5288 vicinam
808 5227 913 5288 fuisse.
1733 5273 1734 5318 ,
