3574 5942
381 457 452 527 162
960 476 1142 528 Mommsen

1591 571 1705 581 -ί

382 652 507 705 centurio
529 648 627 707 adbuc
649 649 756 724 opinor
777 648 808 706 in
830 648 995 706 classiariis
1018 648 1092 706 solis
1114 655 1242 705 testatus
1265 647 1304 704 sit
1325 645 1370 719 (X
1387 665 1416 722 p.
1432 643 1534 720 1130).
1569 641 1630 703 Sed
1646 663 1710 702 cum

378 751 507 825 quaein
531 769 562 807 re
583 750 705 809 militari
727 758 834 825 regnat
855 749 978 806 ambitio
1000 750 1049 806 bic
1070 767 1106 807 eo
1129 765 1161 805 se
1183 748 1300 824 prodet,
1323 748 1402 823 quod
1424 747 1477 821 qui
1498 745 1634 804 centurio
1654 744 1710 802 fuit

375 870 434 909 nou
458 851 516 908 sibi
544 851 691 909 satisfacit
717 851 865 908 communi
891 851 1025 908 veterani
1051 849 1213 920 vocabulo,
1240 849 1435 906 nihilomiuus
1463 847 1621 924 aliquoties
1648 847 1709 902 eius

376 949 562 1010 condicionis
590 953 727 1010 homines
756 951 904 1009 communi
932 952 1064 1008 veterani
1095 951 1213 1009 nomine
1240 951 1372 1008 contenti
1400 950 1534 1017 fuerunt,
1566 957 1599 1005 ut
1625 955 1711 1006 extra

378 1053 499 1111 dubium
522 1064 568 1112 est
594 1055 625 1111 in
653 1053 762 1112 tubum
790 1071 822 1110 ee
848 1052 1008 1128 vet(erano)
1037 1051 1071 1111 Ο.
1088 1051 1151 1122 ΙΙΙ,
1175 1052 1264 1110 3237.
1314 1051 1421 1127 ltaque
1446 1059 1606 1109 veteranos
1634 1050 1711 1107 nude

379 1154 474 1213 dictos
497 1172 600 1213 omnes
623 1154 742 1231 quidem
765 1155 888 1225 admisi,
918 1173 985 1211 cum
1008 1171 1067 1212 non
1091 1154 1201 1212 multos
1222 1154 1298 1212 inter
1320 1171 1373 1210 eos
1400 1169 1467 1211 esse
1489 1150 1639 1210 confidem
1662 1149 1711 1226 qui

378 1256 438 1312 sint
460 1275 497 1314 ex
518 1257 704 1327 centurione;
727 1256 864 1314 cautione
880 1255 1072 1313 nihilominus
1087 1256 1116 1312 in
1132 1255 1180 1314 his
1196 1254 1336 1313 utendum
1351 1262 1405 1313 est.
1441 1254 1489 1312 lta
1504 1250 1539 1312 G.
1555 1238 1711 1310 Amsrfius

378 1353 557 1416 Saturninus
580 1367 726 1416 ueteranus
749 1355 844 1432 Aupp.
867 1376 913 1416 nn.
943 1376 976 1414 ec
998 1358 1106 1432 legione
1127 1357 1251 1415 seeundo
1273 1355 1410 1414 Parthico
1438 1363 1510 1431 post
1536 1352 1709 1410 missionem

378 1457 500 1516 decurio
522 1458 619 1517 fectus
642 1458 721 1535 apud
737 1457 865 1534 Ligures
881 1458 1050 1516 Baebianos
1066 1455 1117 1532 (G.
1133 1457 1191 1530 IX,
1210 1456 1303 1531 1459)
1320 1456 1416 1534 magis
1433 1455 1567 1514 ordinem
1583 1453 1714 1511 duxisse

378 1559 496 1618 videtur
517 1578 606 1634 quem
628 1561 659 1617 iu
681 1560 786 1618 ordine
808 1561 963 1618 meruisse.

422 1659 482 1720 Sed
504 1661 562 1719 alio
585 1679 703 1735 quoque
726 1663 845 1719 nomine
867 1669 1076 1720 veteranorum
1098 1660 1175 1719 tituli
1198 1661 1391 1737 ambiguitate
1417 1659 1569 1716 laborent:
1597 1656 1716 1716 scilicet

378 1762 499 1819 domum
522 1780 612 1838 quam
635 1763 790 1821 enuntiant
812 1781 871 1820 non
895 1781 962 1820 raro
983 1762 1087 1839 quaeri
1113 1771 1214 1839 potest
1241 1772 1339 1820 utrum
1367 1760 1526 1819 habuerint
1551 1767 1614 1818 tum
1643 1777 1713 1816 cum

376 1863 494 1940 probati
517 1872 585 1922 sunt
607 1881 644 1920 an
667 1882 733 1921 cum
756 1863 896 1922 missione
919 1863 964 1920 vsl
987 1874 1055 1940 post
1077 1863 1250 1922 missionem
1272 1862 1477 1938 adquisierint
1514 1861 1563 1919 Ita
1575 1859 1715 1918 veterani

376 1963 436 2021 duo
458 1964 537 2022 tituli
559 1963 789 2040 Lugudunensis
811 1965 967 2039 (Boissieu
989 1983 1018 2040 p.
1036 1963 1120 2039 306),
1143 1967 1195 2040 qui
1217 1965 1261 2022 sic
1282 1974 1445 2040 conceptus
1466 1973 1525 2022 est:
1548 1961 1590 2019 M.
1607 1961 1713 2019 Λατοῖ.

374 2064 489 2123 Ibimus
511 2078 659 2123 veteranus
686 2066 775 2141 lep]
798 2066 842 2124 M.
872 2071 976 2124 missus
1003 2068 1107 2125 honest
1136 2070 1261 2124 mirsion.
1289 2069 1359 2124 ciuis
1381 2065 1487 2124 Rernus
1513 2064 1569 2122 sibi
1587 2064 1663 2136 seu't
1690 2073 1716 2119 et

377 2166 407 2225 0.
423 2165 626 2242 Modestin(io)
642 2166 798 2242 Pereprino
819 2177 952 2225 veterano
976 2168 1027 2242 lep.
1049 2169 1138 2226 eiresd.
1154 2171 1240 2226 misso
1256 2168 1361 2226 toneat.
1376 2169 1503 2226 mirsion.
1518 2169 1569 2222 οὶυ.
1581 2162 1713 2239 Apripp.

374 2267 596 2342 emrtubernal(i)
619 2269 688 2325 milri
710 2272 860 2338 cariseim,
885 2269 994 2326 milites
1017 2268 1087 2327 facti
1109 2285 1178 2328 esse
1192 2278 1321 2346 possunt
1335 2267 1442 2326 dilectu
1458 2265 1713 2326 Durocortorensi

375 2378 405 2426 et
428 2370 655 2447 Agrippinensi,
679 2370 823 2428 seditem
846 2379 915 2448 post
936 2369 1107 2428 missionem
1131 2370 1275 2446 originem
1298 2370 1451 2446 antiquam
1473 2365 1639 2425 mutavisse
1662 2383 1714 2423 ac-

376 2479 462 2547 cepto
484 2471 607 2547 praedio
628 2472 659 2528 in
682 2471 854 2530 civitatibus
876 2472 1058 2529 memoratis.
1091 2471 1257 2529 Veteranos
1280 2472 1346 2530 eius
1364 2470 1482 2548 generis
1499 2485 1575 2544 quos
1589 2467 1716 2543 repperi

376 2573 433 2630 etsi
457 2572 603 2646 adscripsi
625 2590 739 2643 omnes,
760 2575 859 2649 putria
881 2591 982 2632 eorum
1004 2573 1149 2644 maxime,
1173 2573 1224 2649 qui
1246 2592 1311 2631 eum
1334 2589 1393 2630 nou
1414 2589 1481 2630 cum
1503 2569 1632 2640 nomine,
1658 2567 1715 2626 sed

375 2682 445 2748 post
467 2673 668 2732 condicionem
692 2675 855 2748 enuntiant,
879 2692 937 2732 non
960 2682 1022 2732 tuto
1045 2674 1082 2732 sd
1105 2673 1246 2732 dilectum
1269 2673 1423 2731 referetur.

417 2773 593 2834 Laterculus
615 2775 665 2850 qui
688 2777 820 2851 sequitur
842 2777 1001 2853 primarius
1025 2774 1074 2851 (I)
1097 2775 1205 2834 milites
1229 2781 1381 2833 enumerat
1402 2773 1628 2851 quadripertito.

421 2877 447 2934 1.
480 2877 670 2936 Praetoriani
684 2877 885 2954 provinciales
901 2877 1056 2952 incipiunt,
1074 2877 1182 2952 quibus
1199 2875 1362 2954 interposui
1377 2892 1491 2950 paucos
1507 2873 1716 2950 provinciales

375 2986 510 3051 repertos
537 2978 615 3037 inter
641 2979 849 3037 urbanicianos
875 2991 904 3037 et
930 2979 1045 3055 vigiles.
1095 2974 1241 3054 Separavi
1267 2979 1298 3036 in
1325 2976 1387 3035 illis
1412 2975 1463 3052 qui
1490 2975 1615 3034 suerunt
1642 2985 1716 3033 ante

376 3076 519 3138 Severum
535 3078 592 3154 (Α)
613 3087 643 3139 et
657 3080 841 3155 posteriores
864 3097 899 3138 eo
916 3079 983 3155 (B),
1005 3081 1036 3138 id
1058 3079 1139 3155 quod
1160 3089 1306 3154 quatenus
1322 3079 1485 3156 pendemus
1501 3097 1539 3136 ex
1553 3077 1717 3135 laterculis

372 3179 461 3238 facile
483 3182 649 3256 perficitur,
678 3199 743 3240 cum
770 3181 807 3238 de
834 3199 934 3239 eorum
965 3189 1062 3240 aetate
1087 3181 1118 3238 in
1146 3181 1315 3240 uuiversum
1342 3186 1467 3239 constet.
1516 3176 1718 3255 Sepulcrales

375 3281 454 3338 tituli
476 3283 571 3340 utrius
594 3282 706 3340 saeculi
728 3283 797 3354 sint,
821 3299 911 3359 saepe
927 3282 1096 3359 ambiguum
1111 3291 1168 3356 est,
1190 3301 1245 3340 nec
1259 3290 1359 3340 tamen
1375 3298 1491 3340 errores
1506 3280 1572 3339 eius
1586 3279 1718 3356 generis

374 3401 393 3440 a
414 3401 461 3440 me
483 3383 634 3442 commissi
656 3383 779 3442 multum
802 3385 959 3455 nocebunt,
982 3403 1048 3442 cum
1071 3384 1153 3460 leges
1176 3384 1301 3443 dilectus
1318 3402 1359 3442 ex
1374 3381 1447 3442 solis
1463 3381 1619 3441 laterculis
1635 3381 1720 3439 satis

374 3482 520 3542 eluceant
549 3517 589 3528 -
616 3484 716 3542 Huius
739 3484 854 3544 ordinis
877 3485 984 3544 milites
1008 3485 1209 3560 provinciales
1232 3483 1345 3544 Severo
1367 3484 1531 3542 anteriores
1553 3481 1721 3558 desumpsi

375 3603 414 3642 ex
436 3587 648 3644 commentario
670 3605 765 3664 nuper
790 3587 869 3645 edito
897 3585 1006 3646 Oscuri
1028 3585 1115 3645 Bobn
1141 3586 1210 3644 iiber
1237 3588 1283 3644 die
1304 3583 1417 3644 Heimct
1444 3587 1494 3643 der
1513 3581 1722 3641 Pretorsaner

374 3684 524 3759 (Berolini
550 3685 643 3762 1883)
671 3689 775 3764 paucis
798 3687 909 3746 additis
932 3688 1097 3746 mutatisve.
1141 3687 1178 3746 In
1199 3687 1399 3763 praetorianis
1421 3683 1533 3745 Severo
1558 3685 1721 3761 posterio-

375 3787 457 3844 ribus
480 3795 598 3847 secutus
621 3805 696 3862 sum,
718 3798 752 3847 ut
773 3788 847 3862 dixi,
873 3789 1062 3865 potissimum
1082 3789 1245 3848 laterculos
1268 3789 1362 3848 editos
1384 3787 1461 3846 alios
1482 3787 1515 3845 iu
1538 3784 1573 3844 0.
1590 3787 1660 3844 vol.
1675 3785 1722 3844 vl

373 3907 402 3945 n.
417 3885 497 3946 2385
520 3887 720 3964 (emendatius
735 3889 813 3965 pr.
827 3891 872 3948 IV
895 3911 924 3968 p.
938 3889 996 3949 327
1022 3909 1050 3948 u.
1063 3891 1138 3963 8963
1161 3892 1231 3949 anni
1253 3897 1301 3950 est
1316 3888 1388 3965 209)
1409 3895 1440 3948 et
1454 3888 1608 3964 deinceps,
1635 3887 1723 3946 ulios

375 3989 559 4064 compositos
582 4010 602 4048 a
621 3990 794 4050 Bormenno
816 3991 893 4068 Eph.
910 3991 956 4050 1v
977 4009 1005 4068 p.
1021 3991 1090 4050 324.

414 4089 443 4146 2.
487 4089 683 4168 Legionurios
706 4092 919 4170 provinciales,
945 4093 994 4168 qui
1016 4093 1161 4169 originem
1184 4093 1364 4168 adscriptam
1387 4092 1513 4162 habeut,
1541 4089 1725 4149 secundum

371 4189 506 4267 legiones
529 4195 684 4268 composui
705 4194 736 4251 in
757 4194 899 4254 laterculo
920 4193 1014 4254 ultero
1037 4193 1113 4272 (II),
1136 4196 1296 4254 secundum
1318 4195 1448 4271 origines
1469 4195 1500 4252 iu
1522 4193 1580 4252 boc
1603 4195 1727 4252 remis-

372 4290 457 4349 sione
478 4292 559 4352 facta
580 4295 618 4352 ad
640 4296 776 4355 alterum.

416 4393 444 4450 3.
487 4394 723 4456 Auxiliariorum
746 4397 838 4458 index
860 4398 1018 4474 bipertitus
1041 4409 1095 4457 est.

414 4491 452 4551 A.
486 4495 611 4557 Alarum
635 4509 665 4558 et
685 4499 849 4558 cohortium
873 4498 1028 4570 vocabula,
1049 4518 1126 4575 quae
1148 4501 1267 4575 quidem
1290 4519 1309 4558 a
1330 4500 1440 4559 dilectu
1461 4497 1613 4577 primerio
1641 4497 1728 4558 deri·

372 4602 443 4652 vste
465 4595 579 4673 sintl),
612 4601 654 4658 ite
676 4601 847 4676 composui,
881 4609 915 4658 ut
941 4619 995 4676 pro
1022 4600 1215 4661 fundamento
1242 4619 1389 4661 sumerem
1415 4601 1544 4660 iudicem
1571 4603 1729 4678 corporis

432 4825 456 4888 ¹)
476 4826 602 4891 Intellego
622 4842 688 4892 quse
706 4827 836 4879 ethnicum
850 4829 985 4880 enuntiant
998 4844 1045 4894 per
1057 4829 1243 4880 substantivum
1255 4829 1374 4894 genetivo
1387 4829 1493 4893 pluruli3
1513 4827 1659 4880 adiective
1673 4831 1730 4881 for-

374 4924 443 4968 meta
461 4919 568 4969 uomina
587 4924 674 4968 notum
696 4926 733 4969 est
756 4922 832 4972 sliam
857 4922 982 4986 originem
1006 4921 1134 4985 aliamque
1159 4921 1358 4984 explicationem
1381 4919 1485 4970 habere.
1530 4919 1646 4972 Horum
1673 4939 1729 4974 non
1769 4979 1770 4982 ,

372 5009 459 5073 recepi
477 5010 526 5059 nisi
547 5025 612 5076 quae
631 5025 677 5075 per
695 5014 874 5077 exceptionem
888 5013 1043 5064 edicetivum
1056 5027 1103 5076 pro
1118 5013 1277 5063 substantivo
1291 5013 1462 5075 sdmisemut3
1481 5025 1542 5061 uem
1555 5021 1630 5064 sunt
1643 5031 1728 5081 quse·

375 5100 435 5150 dum
454 5102 575 5166 exemplu
594 5102 653 5152 licet
672 5117 731 5154 rurs
750 5105 804 5154 eius
825 5120 885 5154 usus
904 5105 944 5154 vel
962 5105 1047 5168 potius
1066 5103 1167 5153 abusus.
1769 5085 1770 5096 ἶ
