3574 5942
430 464 1033 520 onsunvs'rrousserrcunrmcsu.
1326 446 1396 518 163

93 635 195 694 mxime
214 636 375 696 voluminis
398 637 462 710 111,
493 639 524 696 ia
551 657 611 714 quo
640 639 798 716 priuilegia
825 638 952 697 militum
978 637 1104 698 collecta
1129 639 1323 712 exhibentur,
1345 640 1396 698 ad·

91 737 174 794 iunctis
195 747 302 814 postea
328 739 454 816 repertis
480 740 511 798 in
537 739 737 816 Ephemeride
764 740 820 800 hac
846 740 948 812 editis,
974 740 1047 799 item
1072 740 1186 800 indices
1212 741 1396 799 voluminum

91 837 246 914 reIIquarum
271 839 330 898 huc
357 839 569 916 pertinentium
596 842 693 900 adhuc
718 842 864 901 editorum
886 841 927 900 II.
943 839 980 897 V.
997 840 1069 898 v11.
1084 841 1170 898 VIII.
1186 840 1241 900 IX.
1258 842 1304 912 X,
1332 843 1397 918 ple-

91 956 189 1013 runque
209 957 267 997 non
291 947 430 1018 repetens
453 959 594 1002 numeros
616 942 784 1015 titulorum,
813 942 866 1001 sed
888 943 918 1000 in
940 941 1005 1001 sola
1027 941 1188 1001 voluminis
1210 943 1397 1019 adlegatione

90 1041 235 1100 subsistens.
284 1042 455 1118 Adsumpsi
482 1060 560 1120 quae
586 1045 748 1123 scriptores
768 1052 947 1114 memorant,
978 1051 1011 1102 ut
1031 1044 1158 1102 Tacitus
1186 1051 1215 1101 et
1235 1044 1396 1115 Arrianus,

88 1151 208 1214 quatenus
228 1143 302 1200 mihi
325 1143 484 1202 constabat
504 1145 626 1222 propria
647 1145 794 1204 vocabule
814 1146 895 1222 apud
916 1163 968 1204 eos
990 1145 1107 1204 referri.
1155 1143 1271 1204 Notitie
1299 1147 1396 1223 digni·

89 1250 162 1302 uun
182 1245 242 1302 aevi
265 1243 475 1304 Theodosiani
498 1264 565 1304 cum
588 1247 696 1306 multas
718 1247 783 1304 alas
805 1246 1004 1321 cohortesque
1025 1245 1172 1318 nominet,
1194 1245 1281 1322 longe
1302 1247 1394 1322 pluri-

89 1361 139 1401 mas
156 1363 262 1417 aarum,
286 1345 402 1404 scilicet
423 1364 497 1422 quas
520 1356 572 1406 aut
593 1355 704 1406 certum
726 1356 779 1406 aut
800 1347 961 1406 verisimile
981 1356 1062 1406 esset
1075 1347 1229 1405 institutus
1245 1365 1311 1406 esse
1325 1357 1396 1424 post

88 1442 295 1518 Diocletianum,
317 1447 356 1504 ab
377 1447 426 1505 bis
448 1447 602 1506 laterculis
624 1449 727 1526 procul
748 1448 849 1520 babai,
874 1448 1046 1507 vetustioris
1068 1449 1192 1526 originis
1214 1466 1293 1523 quae
1313 1449 1395 1508 vide-

87 1554 175 1618 rentur,
195 1549 303 1622 recepi.
339 1547 483 1608 Eminent
502 1549 579 1608 inter
600 1550 657 1608 has
678 1567 755 1625 quae
773 1558 966 1608 recensentur
979 1549 1010 1607 in
1026 1549 1184 1607 Britannia
1198 1548 1285 1623 (Ocu.
1301 1569 1326 1608 c.
1339 1551 1393 1626 40)

84 1665 126 1720 per
143 1646 236 1706 ἰὲιιιαιιι
257 1649 349 1718 calte
380 1667 449 1708 nam
470 1668 536 1708 cum
560 1651 622 1710 sint
642 1668 764 1710 numero
790 1657 851 1708 tres
878 1656 908 1708 ct
933 1649 1039 1726 viginti
1064 1668 1182 1722 omncs,
1210 1651 1395 1728 undeviginti

85 1747 245 1806 edmenduut
265 1749 305 1806 ad
327 1750 478 1810 saeculum
502 1751 711 1828 sccunduml),
732 1761 763 1810 ut
785 1770 851 1810 cum
874 1758 1029 1828 praeterea
1049 1771 1103 1829 per
1125 1759 1219 1811 totum
1237 1752 1393 1828 imperium

84 1859 164 1908 caua
183 1869 234 1926 per
255 1852 377 1910 tertium
401 1859 599 1930 quartumque
620 1853 770 1912 saeculum
793 1852 919 1912 subinde
942 1861 1055 1912 murac
1075 1862 1222 1930 auctaque
1241 1855 1393 1929 reperian-

83 1959 133 2022 tur,
160 1951 195 2008 ad
221 1952 332 2011 vallum
360 1952 435 2012 illud
461 1954 585 2013 immota
609 1955 671 2014 lere
697 1955 832 2014 steterint
857 1971 981 2012 necesse
1008 1955 1055 2012 sit.
1110 1953 1238 2031 Propter
1270 1955 1393 2014 eandem

82 2069 180 2111 causam
201 2072 260 2114 nan
283 2054 381 2130 magIs
404 2054 513 2113 admisi
534 2073 687 2126 numeros,
710 2065 743 2114 ut
768 2062 838 2114 sunt
863 2055 1039 2126 Eridanum,
1060 2055 1269 2128 Dalmatarum,
1295 2057 1393 2116 neve-

82 2172 171 2224 rcruuu,
196 2155 311 2214 similes
334 2155 404 2226 alii;
429 2174 498 2214 nam
520 2166 590 2216 ante
612 2157 704 2215 Marci
727 2165 862 2232 tempora
882 2157 935 2214 alx
957 2155 1056 2216 locum
1078 2157 1109 2215 in
1133 2157 1239 2216 militia
1257 2157 1395 2216 Romana

81 2253 224 2314 babuerunt
245 2257 412 2330 (invenitur
431 2275 460 2316 n.
475 2259 552 2316 Brit.
576 2268 601 2317 et
617 2258 753 2335 erptorat.
768 2256 940 2334 Nesuauinq.
962 2257 993 2315 iu
1016 2258 1103 2316 titulo
1126 2258 1196 2316 anni
1214 2258 1271 2317 178
1287 2259 1392 2317 Bram-

82 2353 159 2414 bacbii
178 2358 317 2428 n.1751;
339 2377 471 2418 nummus
494 2359 704 2436 exploratorum
717 2359 898 2418 Batauorum
920 2359 951 2416 in
974 2359 1068 2416 altero
1088 2359 1195 2417 aetatis
1212 2357 1392 2420 Seuerianae

80 2457 144 2530 apud
162 2458 286 2517 eundem
308 2478 337 2516 n.
355 2460 373 2518 7
381 2481 390 2532 5
418 2481 447 2518 u.
471 2459 679 2520 Cattareaes'um
700 2461 731 2518 in
753 2460 842 2518 tertio
864 2479 890 2518 a
908 2457 967 2518 225
989 2460 1070 2536 apud
1092 2460 1217 2518 eundem
1241 2461 1391 2538 n.1317)‚

81 2567 102 2614 et
119 2557 298 2634 expendendi
320 2568 392 2619 suut
413 2580 472 2620 una
492 2562 649 2632 institutis,
671 2580 746 2638 quae
767 2561 893 2620 militiae
914 2561 1155 2620 reformationem
1171 2560 1392 2622 Diocletianum

78 2659 275 2731 quodammodo
298 2662 489 2722 incubabant.
520 2695 558 2706 -
586 2663 664 2722 Alae
686 2673 717 2720 et
737 2663 875 2722 cohortes
897 2680 962 2720 cum
986 2671 1104 2740 praeter
1125 2681 1280 2722 numerum
1303 2682 1391 2722 vcca-

79 2759 140 2818 bulis
159 2761 295 2837 pluribus
317 2765 466 2822 nominari
487 2763 614 2835 soleant,
637 2764 807 2838 frequenter
828 2772 926 2822 autem
949 2780 1008 2821 nou
1028 2763 1166 2822 omuibus
1182 2773 1311 2837 utantur,
1335 2783 1391 2824 nos

78 2879 123 2918 uon
141 2862 168 2919 iu
188 2881 223 2922 eo
244 2863 487 2937 elaboravaus,
513 2875 547 2924 ut
567 2866 625 2924 hae
647 2865 835 2924 diversitates
858 2863 946 2939 plene
967 2874 1190 2924 recenserentur
1218 2874 1248 2925 et
1272 2867 1391 2926 curiose

76 2960 322 3041 dudnguerentur,
349 2966 402 3026 sed
422 2966 549 3026 formam
577 2967 705 3026 maxime
731 2966 851 3042 plenam
878 2966 1069 3042 potissimum
1092 2953 1391 3044 repraesentavimus,

76 3063 237 3125 breviatione
259 3067 392 3125 indicata
413 3068 589 3145 plerumque
611 3068 720 3127 additis
743 3068 828 3126 uncis
850 3066 997 3125 rotundis.
1040 3065 1198 3126 Omittitur
1220 3078 1318 3130 autem
1340 3080 1391 3129 aut

75 3163 202 3226 ethnicum
229 3167 360 3227 alterum
393 3168 442 3244 (ut
466 3169 597 3246 Hispani
624 3169 746 3228 Astures
777 3168 953 3245 plerumque
984 3168 1123 3226 dicuntur
1149 3169 1271 3228 Astures
1302 3170 1390 3244 nude,

75 3267 175 3326 aare
196 3277 222 3326 el
247 3268 381 3328 Callaeci
402 3271 491 3329 modo
513 3271 584 3342 boc,
613 3271 702 3330 mado
723 3270 777 3329 illc
800 3268 944 3328 vocabula
971 3270 1038 3327 solo
1068 3269 1218 3344 utuntur),
1247 3279 1311 3343 aut,
1339 3272 1391 3331 nbi

74 3385 163 3428 nomeu
183 3370 359 3445 primarium
382 3371 497 3448 duplex
518 3380 565 3430 est
586 3372 736 3432 ethnicum
759 3380 789 3430 et
809 3370 977 3446 personale,
1000 3371 1127 3430 alterum
1149 3377 1246 3430 utrum
1271 3373 1317 3448 (ut
1338 3374 1391 3432 ala

79 3467 234 3544 sapere
245 3471 448 3532 stoctoniaaa
462 3473 638 3550 plerumque
653 3474 711 3532 hoc
726 3473 791 3532 solo
806 3471 950 3530 vocabulo
966 3471 1149 3548 appellatur)
1162 3482 1214 3531 aut
1225 3490 1389 3549 cognomen

74 3569 242 3634 mnorarium
277 3573 327 3649 (ut
353 3583 426 3634 sunt
452 3575 572 3634 ethnica
598 3575 744 3635 adiectIve
771 3574 900 3632 formata
926 3573 1128 3644 Macedonica,
1156 3574 1285 3646 Dacica,
1317 3575 1389 3634 item

75 3675 199 3750 torquata)
219 3685 276 3732 aut
298 3676 377 3751 qnod
400 3675 559 3735 militarem
581 3676 706 3734 formam
728 3675 863 3734 enuntiat
883 3673 932 3748 (ut
946 3681 1015 3734 sunt
1029 3676 1168 3746 miliaria,
1190 3678 1389 3752 quingenaria,

74 3777 189 3846 quitata,
208 3775 359 3853 peditatu)
385 3777 434 3836 vel
459 3776 586 3836 militum
613 3777 819 3836 condicionem
845 3757 963 3834 ciuilem
993 3775 1041 3852 (ut
1066 3779 1167 3835 ciuium
1188 3777 1389 3849 Romanorum,

73 3871 182 3934 lonasse
206 3878 301 3936 etiam
329 3881 431 3938 ciuium
451 3877 656 3954 asumma
678 3876 806 3953 denique
831 3878 891 3954 ipsi
911 3876 1042 3948 numeri,
1070 3877 1200 3937 maxIme
1226 3877 1257 3936 in
1283 3879 1387 3955 primis

73 3974 118 4032 alis
140 3977 372 4054 cohortibusque
398 3979 436 4037 iis
462 3996 539 4055 quae
566 3979 728 4039 secundam
755 3977 868 4036 nullam
894 3978 1017 4050 habent,
1050 3978 1103 4036 sed
1130 3978 1219 4037 etiam
1249 3965 1280 4037 in
1308 3981 1388 4053 aliis,

74 4091 119 4132 uon
146 4097 212 4137 raro
245 4080 413 4140 breviando
446 4087 683 4157 praetereuntur.
736 4078 892 4140 Vocabula
923 4079 1117 4155 imperatorie
1151 4079 1181 4136 iu
1215 4089 1387 4156 perpetuum

74 4177 222 4257 etampes,
250 4181 466 4258 respondentia
487 4182 602 4241 scilicet
622 4181 730 4242 Flavio
755 4179 907 4256 legionum
929 4179 973 4238 lv
996 4186 1026 4237 et
1046 4179 1138 4252 XVI,
1163 4180 1297 4239 Traiano
1323 4181 1387 4241 sive

74 4273 146 4354 t'lpio
172 4281 326 4358 legionum
347 4282 380 4341 II
408 4291 439 4341 et
459 4282 573 4356 XXX,
601 4283 702 4341 omnia
724 4281 809 4357 posui
828 4281 878 4339 vel
900 4288 980 4338 certe
1001 4299 1113 4358 ponere
1135 4281 1229 4351 volui,
1255 4300 1322 4340 cum
1349 4282 1387 4340 ad

73 4377 267 4442 iustitutionem
292 4383 478 4460 singulorum
500 4383 679 4444 auxiliorum
701 4381 885 4460 pertineant3
908 4381 1002 4440 abieci
1025 4388 1123 4440 antem
1145 4400 1222 4459 quas
1244 4383 1389 4458 gerebant

73 4482 142 4540 tertio
165 4483 288 4544 saeculo
313 4484 468 4562 desumpta
489 4503 508 4544 a
528 4485 663 4563 principe
691 4483 780 4544 modo
807 4493 962 4560 regnante,
989 4484 1059 4542 item
1086 4500 1162 4559 quae
1184 4490 1247 4541 tum
1270 4483 1387 4543 obtine-

74 4635 254 4651 ’‘⁸¹——u—

118 4731 138 4792 ¹>
154 4732 283 4794 Quattuor
303 4731 462 4798 reliquorum
481 4747 653 4791 numerorum,
673 4731 717 4797 qui
736 4737 795 4781 sunt
813 4729 903 4781 colore
916 4729 1003 4797 pinta
1020 4726 1199 4781 Oarucvs'orum
1218 4755 1252 4766 -
1271 4746 1386 4782 cumesses

76 4815 201 4874 Herem
218 4823 421 4874 Aurelianorum
444 4851 478 4862 -·
504 4839 594 4874 runata
613 4820 787 4874 Sarmatarum
810 4849 843 4860 -—
869 4821 914 4871 ala
930 4821 1015 4888 prima
1031 4817 1146 4872 Hercula
1165 4801 1236 4884 (sic),
1260 4837 1317 4872 cum
1336 4829 1388 4874 tres

75 4927 143 4974 sperne
160 4918 243 4981 quarti
263 4915 363 4967 saeculi
381 4923 470 4966 uotam
488 4915 612 4978 habeant,
637 4915 669 4964 ds
689 4913 826 4964 &mosiis
845 4913 956 4963 dubitari
975 4918 1071 4977 potsst3
1094 4919 1122 4962 at
1139 4912 1161 4962 si
1185 4919 1256 4975 suut,
1281 4919 1308 4961 ut
1333 4927 1388 4965 esse

75 5003 203 5068 adunas,
223 5007 353 5058 Ceruarii
371 5007 513 5058 Ptolemaei
531 5007 642 5072 populus
660 5005 808 5066 Britannus,
829 5004 922 5055 cohors
937 5004 1086 5069 posterioris
1098 5003 1205 5068 originis
1219 5012 1245 5053 et
1257 5005 1314 5068 ipsa
1333 5013 1386 5070 est;

74 5097 297 5150 messanicus
321 5097 428 5148 dilectus
447 5099 552 5149 meliore
571 5105 655 5148 aetate
674 5112 727 5147 nou
746 5111 792 5161 per
810 5097 920 5161 pupulos
938 5096 1020 5145 lactus
1040 5101 1085 5145 est.

1120 5199 1176 5260 11⁴·
