3510 5932
394 2102 652 2214 MILITllS
686 2101 1115 2215 PRAETORIANI
1152 2103 1233 2213 ΕΤ
1258 2099 1661 2216 VRBANIOIANI
1731 2143 1732 2146 ‘

725 2294 1004 2408 ORIGINIS
1035 2293 1340 2408 IThLIGAll.
1731 2297 1732 2320 ³

957 2573 1110 2582 ——2--0

410 2777 452 2838 Ut
473 2781 604 2839 omnium
627 2781 754 2840 militum
776 2782 891 2858 patriae
913 2782 1001 2858 quasi
1023 2783 1054 2840 in
1076 2799 1167 2841 unum
1189 2797 1299 2857 corpus
1322 2787 1534 2857 congerantur,
1556 2781 1609 2838 hos
1623 2795 1684 2854 quo·

368 2899 426 2958 qua
447 2882 609 2942 laterculos
632 2883 836 2956 adiunximus,
863 2885 972 2959 quibus
995 2885 1047 2960 qui
1068 2885 1189 2942 natione
1210 2883 1307 2942 Italici
1335 2893 1388 2941 aut
1412 2883 1443 2940 in
1470 2882 1619 2958 praetorio
1642 2887 1684 2936 unt
1731 2875 1732 2968 l

367 2984 399 3042 in
421 2984 591 3043 cohortibus
614 2985 736 3045 urbanis
759 2994 810 3044 aut
831 2987 907 3044 inter
930 2987 1037 3062 vigiles
1059 2985 1270 3058 militaverunt,
1292 2985 1481 3044 continentur
1491 2983 1531 3060 ¹).
1731 3051 1732 3064 χ

410 3085 532 3162 Oppida
545 3086 653 3146 Italiae
672 3089 876 3147 recensuimus
892 3088 998 3146 ordine
1012 3087 1210 3164 alphabetico,
1233 3089 1418 3164 praescripto
1434 3087 1564 3164 singulis
1578 3099 1684 3142 numero

367 3188 494 3247 militum
510 3189 641 3248 cuiusvis
656 3191 773 3266 generis
789 3190 858 3248 inde
873 3189 1077 3260 oriundcrnm‚
1099 3199 1132 3248 ut
1146 3190 1215 3248 inde
1230 3190 1417 3265 aliquatenus
1431 3197 1586 3264 appareat,
1607 3203 1685 3262 quae·
1731 3195 1732 3262 l

368 3309 437 3350 nam
460 3291 644 3368 singulorum
667 3291 844 3369 oppidorum
866 3292 955 3352 fuerit
977 3291 1086 3350 civium
1100 3291 1277 3368 frequentia.
1313 3292 1350 3349 In
1365 3290 1492 3368 singulis
1507 3289 1622 3366 oppidis
1636 3285 1684 3362 pri·

368 3411 449 3450 mum
469 3393 567 3450 locum
583 3393 717 3452 obtinent
732 3395 923 3469 praetoriani,
947 3394 1106 3453 secuudum
1122 3393 1316 3464 urbaniciani‚
1339 3393 1458 3452 tertium
1472 3392 1590 3470 vigiles,
1612 3407 1685 3466 quur·
1731 3393 1732 3454 i

369 3495 578 3568 tumescenti,
601 3496 652 3571 qni
667 3513 847 3572 quamquam
870 3497 958 3573 longe
980 3497 1113 3554 maxima
1134 3515 1172 3553 ex
1194 3505 1280 3571 purte
1302 3513 1338 3553 ex
1363 3494 1563 3572 praetorianis
1577 3487 1687 3568 profecti

369 3605 447 3667 sunt,
469 3607 597 3673 possunt
617 3596 689 3656 item
711 3606 800 3656 antea
822 3597 997 3657 militavisse
1017 3598 1048 3656 in
1069 3599 1190 3656 cohorte
1212 3599 1336 3657 urbana.
1372 3595 1466 3654 Uncis
1482 3594 1634 3672 quadratis
1651 3593 1688 3648 in·

367 3699 510 3757 clusimus
532 3699 647 3770 titulos,
670 3701 720 3758 ubi
741 3700 825 3778 origo
847 3717 906 3758 non
929 3700 1100 3758 enuntiatur
1122 3700 1174 3758 sed
1194 3706 1247 3757 aut
1268 3719 1305 3757 ex
1329 3698 1407 3757 tribu
1426 3705 1479 3756 aut
1495 3717 1534 3756 ex
1549 3692 1688 3775 parentela

368 3819 433 3858 cnm
457 3800 557 3876 aliqua
577 3801 786 3878 probabilitate
807 3801 942 3861 efficitur.
986 3800 1094 3872 Tituli,
1121 3802 1230 3877 quibus
1252 3801 1387 3876 corporis
1411 3800 1552 3858 volumen
1575 3816 1629 3856 non
1650 3803 1688 3851 est
1731 3789 1732 3840 l

368 3903 561 3978 adscriptum,
583 3903 661 3960 sexti
682 3911 753 3962 suut
774 3905 965 3962 urbanorum.
1002 3903 1157 3961 Accedunt
1177 3904 1289 3961 incerta
1311 3901 1458 3978 quaedam
1481 3901 1603 3977 oppida,
1623 3914 1688 3973 quac
1731 3945 1732 3970 ,

368 4013 468 4062 utrum
490 4005 520 4062 in
543 4004 633 4062 Italia
654 4004 765 4064 luerint
787 4006 877 4064 auin
900 4005 1054 4081 provincia
1076 4004 1177 4081 aliqua
1198 4023 1258 4062 non
1281 4005 1383 4081 liquat.
1731 3971 1732 4022 l

410 4102 485 4165 Cum
513 4107 693 4182 praetoriani
716 4107 839 4183 originis
864 4106 986 4164 Italicae
1012 4113 1110 4164 aetate
1133 4103 1296 4166 Severiana
1318 4123 1421 4163 omues
1448 4106 1512 4162 fere
1535 4102 1690 4162 anteriores

368 4208 440 4279 sint,
463 4209 567 4285 paucis
590 4216 720 4280 tantum,
745 4209 795 4285 qui
817 4215 887 4267 suut
909 4208 1022 4266 saeculi
1045 4208 1134 4279 tertii,
1156 4209 1301 4285 temporis
1323 4215 1424 4265 notam
1448 4206 1619 4264 adiecimus.
1659 4202 1689 4258 ln

368 4309 540 4388 cohortibus
567 4310 694 4368 urbanis,
717 4329 782 4368 cum
809 4319 878 4385 post
900 4306 1043 4368 Severum
1070 4327 1190 4386 quoquc
1211 4308 1310 4368 Italici
1335 4308 1505 4380 militarint,
1535 4307 1572 4366 de
1599 4323 1690 4365 aarum

368 4419 465 4470 aetate
486 4430 526 4469 ex
547 4411 594 4470 his
618 4411 769 4470 laterculis
791 4411 916 4469 iudicari
940 4429 998 4469 non
1022 4421 1129 4486 potest.

411 4509 553 4590 Singulae
567 4513 673 4572 Italiae
694 4520 795 4589 partes
810 4514 961 4588 praetorio
984 4522 1013 4571 et
1034 4513 1206 4572 cohortibus
1230 4513 1353 4571 urbanis
1371 4523 1485 4588 quanto
1499 4513 1562 4570 fere
1576 4527 1691 4569 numero
1731 4505 1732 4570 l

368 4615 481 4675 tirones
504 4615 773 4686 subministrarint‚
795 4615 925 4674 ostendit
947 4614 1107 4674 laterculus
1129 4615 1208 4673 iufra
1230 4615 1374 4691 scriptus,
1401 4614 1515 4688 inquo
1540 4611 1690 4672 secundum
1731 4639 1732 4672 r

367 4719 507 4794 regiones
530 4716 635 4776 ltaliae
657 4717 766 4776 milites
789 4716 994 4794 discripsinrus
1018 4717 1191 4776 condicione
1213 4734 1315 4775 eorum
1338 4716 1490 4774 distincta.

368 4909 572 4922 nn——n-u

429 5056 452 5120 ¹)
473 5057 506 5121 [Ε
525 5075 553 5109 re
573 5074 629 5108 esse
648 5059 731 5108 visum
750 5064 789 5106 est
807 5057 973 5122 legioniurios
992 5057 1086 5107 milites
1106 5058 1213 5121 originis
1232 5057 1339 5107 Italicae
1356 5057 1392 5106 ad
1407 5056 1485 5106 huius
1497 5055 1595 5106 indicis
1607 5052 1694 5119 patrias

369 5151 406 5202 ita
424 5151 529 5214 addere,
548 5157 577 5200 ut
595 5151 695 5202 adiectu
713 5149 816 5214 legione
835 5155 861 5199 et
878 5151 974 5216 pagina
991 5149 1026 5202 ad
1044 5149 1142 5201 indicas
1162 5150 1207 5216 qni
1226 5149 1385 5216 praecedunt
1399 5149 1554 5200 remittatur.
1588 5147 1639 5200 'ln-
1651 5141 1694 5206 it]
