<?xml version="1.0" encoding="UTF-8"?>
<!DOCTYPE html PUBLIC "-//W3C//DTD XHTML 1.0 Transitional//EN"
    "http://www.w3.org/TR/xhtml1/DTD/xhtml1-transitional.dtd">
<html xmlns="http://www.w3.org/1999/xhtml" xml:lang="en" lang="en">
 <head>
  <title>
</title>
<meta http-equiv="Content-Type" content="text/html;charset=utf-8" />
  <meta name='ocr-system' content='tesseract 3.04.00' />
  <meta name='ocr-capabilities' content='ocr_page ocr_carea ocr_par ocr_line ocrx_word'/>
</head>
<body>
  <div class='ocr_page' id='page_1' title='image "./ephemerisepigra16instgoog_0295.png"; bbox 0 0 3500 5928; ppageno 0'>
   <div class='ocr_carea' id='block_1_1' title="bbox 374 497 1275 569">
    <p class='ocr_par' dir='ltr' id='par_1_1' title="bbox 374 497 1275 569">
     <span class='ocr_line' id='line_1_1' title="bbox 374 497 1275 569; baseline 0.003 -4"><span class='ocrx_word' id='word_1_1' title='bbox 374 497 446 566; x_wconf 76' lang='lat'>‘280</span> <span class='ocrx_word' id='word_1_2' title='bbox 808 517 1081 567; x_wconf 73' lang='lat' dir='ltr'>unnrraunura</span> <span class='ocrx_word' id='word_1_3' title='bbox 1107 516 1190 568; x_wconf 82' lang='lat' dir='ltr'>vor..</span> <span class='ocrx_word' id='word_1_4' title='bbox 1208 519 1275 569; x_wconf 82' lang='lat' dir='ltr'>vnr</span> 
     </span>
    </p>
   </div>
   <div class='ocr_carea' id='block_1_2' title="bbox 448 836 1625 1018">
    <p class='ocr_par' dir='ltr' id='par_1_2' title="bbox 448 836 1625 1018">
     <span class='ocr_line' id='line_1_2' title="bbox 448 836 1625 899; baseline 0.002 -4"><span class='ocrx_word' id='word_1_5' title='bbox 448 838 567 895; x_wconf 88' lang='lat' dir='ltr'>XLIII.</span> <span class='ocrx_word' id='word_1_6' title='bbox 613 836 803 897; x_wconf 83' lang='lat' dir='ltr'>COLONIA</span> <span class='ocrx_word' id='word_1_7' title='bbox 827 838 957 897; x_wconf 82' lang='lat' dir='ltr'>AELIA</span> <span class='ocrx_word' id='word_1_8' title='bbox 979 839 1207 899; x_wconf 86' lang='lat' dir='ltr'>HADRIANA</span> <span class='ocrx_word' id='word_1_9' title='bbox 1230 838 1330 899; x_wconf 78' lang='lat' dir='ltr'>AVG.</span> <span class='ocrx_word' id='word_1_10' title='bbox 1354 839 1472 898; x_wconf 82' lang='lat' dir='ltr'>ZAMA</span> <span class='ocrx_word' id='word_1_11' title='bbox 1493 836 1625 898; x_wconf 76' lang='lat' dir='ltr'>REGIA</span> 
     </span>
     <span class='ocr_line' id='line_1_3' title="bbox 860 941 1222 1018; baseline -0.003 -18"><span class='ocrx_word' id='word_1_12' title='bbox 860 941 1222 1018; x_wconf 74' lang='lat' dir='ltr'>(Sidi-Amor-Djedtdl).</span> 
     </span>
    </p>
   </div>
   <div class='ocr_carea' id='block_1_3' title="bbox 373 1103 1700 1996">
    <p class='ocr_par' dir='ltr' id='par_1_3' title="bbox 373 1103 1700 1996">
     <span class='ocr_line' id='line_1_4' title="bbox 415 1103 1694 1182; baseline 0 -22"><span class='ocrx_word' id='word_1_13' title='bbox 415 1103 518 1162; x_wconf 87' lang='lat' dir='ltr'>Titulo</span> <span class='ocrx_word' id='word_1_14' title='bbox 541 1125 568 1162; x_wconf 93' lang='lat' dir='ltr'>n.</span> <span class='ocrx_word' id='word_1_15' title='bbox 587 1103 645 1163; x_wconf 77' lang='lat'>289</span> <span class='ocrx_word' id='word_1_16' title='bbox 669 1105 797 1163; x_wconf 82' lang='lat' dir='ltr'>feliciter</span> <span class='ocrx_word' id='word_1_17' title='bbox 819 1106 939 1163; x_wconf 85' lang='lat' dir='ltr'>invento</span> <span class='ocrx_word' id='word_1_18' title='bbox 963 1107 1168 1164; x_wconf 87' lang='lat' dir='ltr'>controversia</span> <span class='ocrx_word' id='word_1_19' title='bbox 1190 1107 1226 1165; x_wconf 91' lang='lat' dir='ltr'>de</span> <span class='ocrx_word' id='word_1_20' title='bbox 1244 1107 1354 1164; x_wconf 84' lang='lat' dir='ltr'>Zamae</span> <span class='ocrx_word' id='word_1_21' title='bbox 1377 1106 1489 1182; x_wconf 82' lang='lat' dir='ltr'>Regiae</span> <span class='ocrx_word' id='word_1_22' title='bbox 1512 1107 1571 1164; x_wconf 89' lang='lat' dir='ltr'>situ</span> <span class='ocrx_word' id='word_1_23' title='bbox 1592 1105 1694 1162; x_wconf 89' lang='lat' dir='ltr'>tamdiu</span> 
     </span>
     <span class='ocr_line' id='line_1_5' title="bbox 373 1207 1695 1282; baseline 0 -18"><span class='ocrx_word' id='word_1_24' title='bbox 373 1207 513 1282; x_wconf 81' lang='lat' dir='ltr'>ambigua</span> <span class='ocrx_word' id='word_1_25' title='bbox 535 1214 648 1266; x_wconf 91' lang='lat' dir='ltr'>tantum</span> <span class='ocrx_word' id='word_1_26' title='bbox 672 1208 757 1266; x_wconf 89' lang='lat' dir='ltr'>abest</span> <span class='ocrx_word' id='word_1_27' title='bbox 779 1215 811 1266; x_wconf 90' lang='lat' dir='ltr'>ut</span> <span class='ocrx_word' id='word_1_28' title='bbox 834 1207 950 1265; x_wconf 89' lang='lat' dir='ltr'>tandem</span> <span class='ocrx_word' id='word_1_29' title='bbox 974 1209 1135 1282; x_wconf 88' lang='lat' dir='ltr'>aliquando</span> <span class='ocrx_word' id='word_1_30' title='bbox 1152 1209 1321 1279; x_wconf 74' lang='lat' dir='ltr'>sedamen,</span> <span class='ocrx_word' id='word_1_31' title='bbox 1344 1219 1376 1266; x_wconf 93' lang='lat' dir='ltr'>ut</span> <span class='ocrx_word' id='word_1_32' title='bbox 1398 1228 1475 1267; x_wconf 93' lang='lat' dir='ltr'>nunc</span> <span class='ocrx_word' id='word_1_33' title='bbox 1499 1209 1535 1266; x_wconf 89' lang='lat' dir='ltr'>de</span> <span class='ocrx_word' id='word_1_34' title='bbox 1552 1227 1587 1268; x_wconf 89' lang='lat' dir='ltr'>ea</span> <span class='ocrx_word' id='word_1_35' title='bbox 1606 1207 1695 1264; x_wconf 86' lang='lat' dir='ltr'>acrius</span> 
     </span>
     <span class='ocr_line' id='line_1_6' title="bbox 374 1309 1695 1388; baseline 0 -24"><span class='ocrx_word' id='word_1_36' title='bbox 374 1329 463 1384; x_wconf 89' lang='lat' dir='ltr'>quam</span> <span class='ocrx_word' id='word_1_37' title='bbox 487 1328 617 1385; x_wconf 91' lang='lat' dir='ltr'>unquam</span> <span class='ocrx_word' id='word_1_38' title='bbox 640 1319 708 1368; x_wconf 86' lang='lat' dir='ltr'>ante</span> <span class='ocrx_word' id='word_1_39' title='bbox 730 1311 806 1367; x_wconf 90' lang='lat' dir='ltr'>inter</span> <span class='ocrx_word' id='word_1_40' title='bbox 827 1311 964 1368; x_wconf 89' lang='lat' dir='ltr'>homines</span> <span class='ocrx_word' id='word_1_41' title='bbox 987 1311 1092 1368; x_wconf 88' lang='lat' dir='ltr'>doctos</span> <span class='ocrx_word' id='word_1_42' title='bbox 1114 1311 1256 1388; x_wconf 81' lang='lat' dir='ltr'>litIgetur.</span> <span class='ocrx_word' id='word_1_43' title='bbox 1294 1309 1372 1368; x_wconf 90' lang='lat' dir='ltr'>Nam</span> <span class='ocrx_word' id='word_1_44' title='bbox 1394 1321 1424 1368; x_wconf 89' lang='lat' dir='ltr'>et</span> <span class='ocrx_word' id='word_1_45' title='bbox 1438 1310 1605 1369; x_wconf 85' lang='lat' dir='ltr'>Ptolemaei</span> <span class='ocrx_word' id='word_1_46' title='bbox 1624 1309 1695 1366; x_wconf 87' lang='lat' dir='ltr'>testi·</span> 
     </span>
     <span class='ocr_line' id='line_1_7' title="bbox 373 1402 1696 1490; baseline -0.002 -21"><span class='ocrx_word' id='word_1_47' title='bbox 373 1412 488 1482; x_wconf 89' lang='lat' dir='ltr'>monio,</span> <span class='ocrx_word' id='word_1_48' title='bbox 519 1413 628 1490; x_wconf 92' lang='lat' dir='ltr'>quippe</span> <span class='ocrx_word' id='word_1_49' title='bbox 657 1413 703 1470; x_wconf 90' lang='lat' dir='ltr'>cui</span> <span class='ocrx_word' id='word_1_50' title='bbox 733 1402 818 1478; x_wconf 75' lang='lat' dir='ltr'>Za&#39;aa</span> <span class='ocrx_word' id='word_1_51' title='bbox 847 1403 945 1480; x_wconf 74' lang='grc' dir='ltr'><em>μείζων</em></span> <span class='ocrx_word' id='word_1_52' title='bbox 974 1413 1141 1488; x_wconf 83' lang='lat' dir='ltr'>appelletur</span> <span class='ocrx_word' id='word_1_53' title='bbox 1174 1413 1315 1489; x_wconf 88' lang='lat' dir='ltr'>oppidum</span> <span class='ocrx_word' id='word_1_54' title='bbox 1344 1412 1503 1470; x_wconf 79' lang='lat' dir='ltr'>Numidiae</span> <span class='ocrx_word' id='word_1_55' title='bbox 1537 1430 1631 1470; x_wconf 82' lang='lat' dir='ltr'>novae</span> <span class='ocrx_word' id='word_1_56' title='bbox 1650 1410 1696 1478; x_wconf 84' lang='lat' dir='ltr'>lli,</span> 
     </span>
     <span class='ocr_line' id='line_1_8' title="bbox 374 1513 1697 1591; baseline -0.001 -23"><span class='ocrx_word' id='word_1_57' title='bbox 374 1515 406 1584; x_wconf 81' lang='lat'>3,</span> <span class='ocrx_word' id='word_1_58' title='bbox 428 1516 480 1585; x_wconf 87' lang='lat'>33,</span> <span class='ocrx_word' id='word_1_59' title='bbox 509 1522 538 1571; x_wconf 86' lang='lat' dir='ltr'>et</span> <span class='ocrx_word' id='word_1_60' title='bbox 560 1517 627 1590; x_wconf 92' lang='lat' dir='ltr'>ipso</span> <span class='ocrx_word' id='word_1_61' title='bbox 650 1515 759 1571; x_wconf 82' lang='lat' dir='ltr'>Zamae</span> <span class='ocrx_word' id='word_1_62' title='bbox 782 1513 894 1589; x_wconf 81' lang='lat' dir='ltr'>Regiae</span> <span class='ocrx_word' id='word_1_63' title='bbox 916 1515 1035 1571; x_wconf 87' lang='lat' dir='ltr'>nomine</span> <span class='ocrx_word' id='word_1_64' title='bbox 1064 1515 1197 1572; x_wconf 85' lang='lat' dir='ltr'>nonnulli</span> <span class='ocrx_word' id='word_1_65' title='bbox 1224 1522 1330 1591; x_wconf 91' lang='lat' dir='ltr'>putant</span> <span class='ocrx_word' id='word_1_66' title='bbox 1357 1515 1548 1591; x_wconf 89' lang='lat' dir='ltr'>comprobari</span> <span class='ocrx_word' id='word_1_67' title='bbox 1575 1514 1647 1570; x_wconf 90' lang='lat' dir='ltr'>duas</span> <span class='ocrx_word' id='word_1_68' title='bbox 1672 1513 1697 1568; x_wconf 91' lang='lat' dir='ltr'>iu</span> 
     </span>
     <span class='ocr_line' id='line_1_9' title="bbox 374 1615 1697 1692; baseline -0.002 -20"><span class='ocrx_word' id='word_1_69' title='bbox 374 1617 478 1674; x_wconf 78' lang='lat' dir='ltr'>Africa</span> <span class='ocrx_word' id='word_1_70' title='bbox 504 1617 596 1674; x_wconf 86' lang='lat' dir='ltr'>fuisse</span> <span class='ocrx_word' id='word_1_71' title='bbox 620 1617 729 1674; x_wconf 86' lang='lat' dir='ltr'>Zamas</span> <span class='ocrx_word' id='word_1_72' title='bbox 753 1617 826 1674; x_wconf 86' lang='lat' dir='ltr'>solis</span> <span class='ocrx_word' id='word_1_73' title='bbox 849 1617 1074 1691; x_wconf 83' lang='lat' dir='ltr'>cognominibus</span> <span class='ocrx_word' id='word_1_74' title='bbox 1100 1617 1256 1674; x_wconf 87' lang='lat' dir='ltr'>distinctas</span> <span class='ocrx_word' id='word_1_75' title='bbox 1279 1636 1376 1692; x_wconf 86' lang='lat' dir='ltr'>nsque</span> <span class='ocrx_word' id='word_1_76' title='bbox 1402 1616 1564 1674; x_wconf 86' lang='lat' dir='ltr'>admittunt</span> <span class='ocrx_word' id='word_1_77' title='bbox 1585 1615 1697 1672; x_wconf 84' lang='lat' dir='ltr'>Zamam</span> 
     </span>
     <span class='ocr_line' id='line_1_10' title="bbox 374 1715 1699 1794; baseline -0.003 -20"><span class='ocrx_word' id='word_1_78' title='bbox 374 1738 452 1789; x_wconf 81' lang='lat' dir='ltr'>eam,</span> <span class='ocrx_word' id='word_1_79' title='bbox 487 1737 562 1794; x_wconf 86' lang='lat' dir='ltr'>quae</span> <span class='ocrx_word' id='word_1_80' title='bbox 594 1719 651 1776; x_wconf 83' lang='lat' dir='ltr'>fuit</span> <span class='ocrx_word' id='word_1_81' title='bbox 683 1719 720 1775; x_wconf 89' lang='lat' dir='ltr'>ad</span> <span class='ocrx_word' id='word_1_82' title='bbox 753 1720 850 1775; x_wconf 79' lang='lat' dir='ltr'>vicum</span> <span class='ocrx_word' id='word_1_83' title='bbox 887 1717 1236 1792; x_wconf 85' lang='lat' dir='ltr'>Sidi-Amor·chdidi‚</span> <span class='ocrx_word' id='word_1_84' title='bbox 1271 1719 1365 1776; x_wconf 87' lang='lat' dir='ltr'>luisse</span> <span class='ocrx_word' id='word_1_85' title='bbox 1397 1717 1533 1792; x_wconf 82' lang='lat' dir='ltr'>Regiam.</span> <span class='ocrx_word' id='word_1_86' title='bbox 1590 1715 1699 1774; x_wconf 88' lang='lat' dir='ltr'>Tabula</span> 
     </span>
     <span class='ocr_line' id='line_1_11' title="bbox 374 1818 1699 1896; baseline -0.005 -18"><span class='ocrx_word' id='word_1_87' title='bbox 374 1833 471 1879; x_wconf 91' lang='lat' dir='ltr'>autem</span> <span class='ocrx_word' id='word_1_88' title='bbox 499 1821 720 1896; x_wconf 83' lang='lat' dir='ltr'>Peutingerana</span> <span class='ocrx_word' id='word_1_89' title='bbox 746 1839 810 1877; x_wconf 87' lang='lat' dir='ltr'>curn</span> <span class='ocrx_word' id='word_1_90' title='bbox 839 1820 961 1877; x_wconf 86' lang='lat' dir='ltr'>Zamam</span> <span class='ocrx_word' id='word_1_91' title='bbox 991 1821 1105 1894; x_wconf 82' lang='lat' dir='ltr'>regiam</span> <span class='ocrx_word' id='word_1_92' title='bbox 1132 1821 1258 1878; x_wconf 88' lang='lat' dir='ltr'>collocet</span> <span class='ocrx_word' id='word_1_93' title='bbox 1284 1821 1316 1877; x_wconf 89' lang='lat' dir='ltr'>in</span> <span class='ocrx_word' id='word_1_94' title='bbox 1345 1820 1395 1876; x_wconf 82' lang='lat' dir='ltr'>via</span> <span class='ocrx_word' id='word_1_95' title='bbox 1422 1820 1587 1878; x_wconf 89' lang='lat' dir='ltr'>Althiburo</span> <span class='ocrx_word' id='word_1_96' title='bbox 1608 1818 1699 1893; x_wconf 78' lang='lat' dir='ltr'>Thys-</span> 
     </span>
     <span class='ocr_line' id='line_1_12' title="bbox 375 1920 1700 1996; baseline -0.004 -17"><span class='ocrx_word' id='word_1_97' title='bbox 375 1923 460 1980; x_wconf 89' lang='lat' dir='ltr'>drum</span> <span class='ocrx_word' id='word_1_98' title='bbox 489 1924 613 1981; x_wconf 81' lang='lat' dir='ltr'>ducente</span> <span class='ocrx_word' id='word_1_99' title='bbox 642 1925 670 1980; x_wconf 95' lang='lat' dir='ltr'>in</span> <span class='ocrx_word' id='word_1_100' title='bbox 700 1923 779 1979; x_wconf 91' lang='lat' dir='ltr'>hunc</span> <span class='ocrx_word' id='word_1_101' title='bbox 808 1921 940 1980; x_wconf 87' lang='lat' dir='ltr'>modum:</span> <span class='ocrx_word' id='word_1_102' title='bbox 972 1923 1101 1979; x_wconf 78' lang='lat' dir='ltr'>Assuras</span> <span class='ocrx_word' id='word_1_103' title='bbox 1129 1921 1180 1996; x_wconf 91' lang='lat'>(=</span> <span class='ocrx_word' id='word_1_104' title='bbox 1207 1921 1261 1979; x_wconf 88' lang='lat' dir='ltr'>Hr.</span> <span class='ocrx_word' id='word_1_105' title='bbox 1285 1921 1412 1996; x_wconf 83' lang='lat' dir='ltr'>Zanfdr)</span> <span class='ocrx_word' id='word_1_106' title='bbox 1435 1955 1476 1964; x_wconf 89' lang='lat'>-</span> <span class='ocrx_word' id='word_1_107' title='bbox 1497 1922 1530 1979; x_wconf 91' lang='lat' dir='ltr'>X</span> <span class='ocrx_word' id='word_1_108' title='bbox 1554 1953 1593 1964; x_wconf 92' lang='lat'><em>-</em></span> <span class='ocrx_word' id='word_1_109' title='bbox 1618 1920 1700 1977; x_wconf 84' lang='lat' dir='ltr'>Zama</span> 
     </span>
    </p>
   </div>
   <div class='ocr_carea' id='block_1_4' title="bbox 374 2022 1701 2100">
    <p class='ocr_par' dir='ltr' id='par_1_4' title="bbox 374 2022 1701 2100">
     <span class='ocr_line' id='line_1_13' title="bbox 374 2022 1701 2100; baseline -0.002 -18"><span class='ocrx_word' id='word_1_110' title='bbox 374 2027 480 2100; x_wconf 74' lang='lat' dir='ltr'>Beu&#39;qia</span> <span class='ocrx_word' id='word_1_111' title='bbox 504 2056 539 2067; x_wconf 86' lang='lat'><em>-</em></span> <span class='ocrx_word' id='word_1_112' title='bbox 563 2025 624 2082; x_wconf 90' lang='lat' dir='ltr'>XX</span> <span class='ocrx_word' id='word_1_113' title='bbox 647 2057 684 2066; x_wconf 90' lang='lat'><em>-</em></span> <span class='ocrx_word' id='word_1_114' title='bbox 710 2023 801 2098; x_wconf 78' lang='lat' dir='ltr'>Scpqo</span> <span class='ocrx_word' id='word_1_115' title='bbox 824 2057 864 2066; x_wconf 92' lang='lat'>—-</span> <span class='ocrx_word' id='word_1_116' title='bbox 886 2024 917 2082; x_wconf 90' lang='lat' dir='ltr'>X</span> <span class='ocrx_word' id='word_1_117' title='bbox 940 2056 978 2064; x_wconf 98' lang='lat'><em>-</em></span> <span class='ocrx_word' id='word_1_118' title='bbox 1003 2022 1100 2081; x_wconf 81' lang='lat' dir='ltr'>Auula</span> <span class='ocrx_word' id='word_1_119' title='bbox 1122 2057 1163 2065; x_wconf 90' lang='lat'>—</span> <span class='ocrx_word' id='word_1_120' title='bbox 1183 2024 1244 2082; x_wconf 87' lang='lat' dir='ltr'>VII</span> <span class='ocrx_word' id='word_1_121' title='bbox 1269 2056 1306 2066; x_wconf 93' lang='lat'>—</span> <span class='ocrx_word' id='word_1_122' title='bbox 1330 2023 1516 2099; x_wconf 69' lang='lat' dir='ltr'>Acopsidam</span> <span class='ocrx_word' id='word_1_123' title='bbox 1539 2055 1578 2065; x_wconf 93' lang='lat'>—</span> <span class='ocrx_word' id='word_1_124' title='bbox 1603 2023 1646 2080; x_wconf 87' lang='lat' dir='ltr'>VI</span> <span class='ocrx_word' id='word_1_125' title='bbox 1665 2054 1701 2062; x_wconf 89' lang='lat'><em>-</em></span> 
     </span>
    </p>
   </div>
   <div class='ocr_carea' id='block_1_5' title="bbox 375 2124 1742 2915">
    <p class='ocr_par' dir='ltr' id='par_1_5' title="bbox 375 2124 1742 2915">
     <span class='ocr_line' id='line_1_14' title="bbox 380 2124 1742 2203; baseline -0.003 -19"><span class='ocrx_word' id='word_1_126' title='bbox 380 2128 500 2202; x_wconf 78' lang='lat' dir='ltr'>Uzappa</span> <span class='ocrx_word' id='word_1_127' title='bbox 524 2127 576 2203; x_wconf 92' lang='lat'>(=</span> <span class='ocrx_word' id='word_1_128' title='bbox 600 2127 684 2184; x_wconf 91' lang='lat' dir='ltr'>Ksur</span> <span class='ocrx_word' id='word_1_129' title='bbox 708 2125 951 2200; x_wconf 79' lang='lat' dir='ltr'>Abd-eI-ntelek)</span> <span class='ocrx_word' id='word_1_130' title='bbox 975 2159 1011 2167; x_wconf 94' lang='lat'><em>-</em></span> <span class='ocrx_word' id='word_1_131' title='bbox 1036 2125 1080 2183; x_wconf 93' lang='lat' dir='ltr'>VI</span> <span class='ocrx_word' id='word_1_132' title='bbox 1103 2159 1144 2169; x_wconf 91' lang='lat'>—</span> <span class='ocrx_word' id='word_1_133' title='bbox 1166 2126 1314 2202; x_wconf 78' lang='lat' dir='ltr'>Manaoqe</span> <span class='ocrx_word' id='word_1_134' title='bbox 1337 2159 1374 2168; x_wconf 92' lang='lat'>—</span> <span class='ocrx_word' id='word_1_135' title='bbox 1398 2126 1460 2184; x_wconf 88' lang='lat' dir='ltr'>VII</span> <span class='ocrx_word' id='word_1_136' title='bbox 1483 2160 1521 2168; x_wconf 98' lang='lat'><em>-</em></span> <span class='ocrx_word' id='word_1_137' title='bbox 1544 2124 1648 2201; x_wconf 81' lang='lat' dir='ltr'>quur</span> <span class='ocrx_word' id='word_1_138' title='bbox 1669 2155 1700 2164; x_wconf 91' lang='lat'><em>-</em></span> <span class='ocrx_word' id='word_1_139' title='bbox 1741 2157 1742 2190; x_wconf 48' lang='lat' dir='ltr'>r</span> 
     </span>
     <span class='ocr_line' id='line_1_15' title="bbox 375 2217 1742 2306; baseline -0.005 -19"><span class='ocrx_word' id='word_1_140' title='bbox 375 2229 451 2287; x_wconf 91' lang='lat' dir='ltr'>XIV</span> <span class='ocrx_word' id='word_1_141' title='bbox 471 2263 511 2272; x_wconf 98' lang='lat'>—</span> <span class='ocrx_word' id='word_1_142' title='bbox 532 2229 636 2306; x_wconf 81' lang='lat' dir='ltr'>Aquae</span> <span class='ocrx_word' id='word_1_143' title='bbox 657 2230 765 2304; x_wconf 77' lang='lat' dir='ltr'>Raptae</span> <span class='ocrx_word' id='word_1_144' title='bbox 788 2227 840 2302; x_wconf 92' lang='lat'>(=</span> <span class='ocrx_word' id='word_1_145' title='bbox 858 2225 1114 2303; x_wconf 82' lang='lat' dir='ltr'>Hr.Bab1iscba),</span> <span class='ocrx_word' id='word_1_146' title='bbox 1138 2248 1174 2286; x_wconf 91' lang='lat' dir='ltr'>ne</span> <span class='ocrx_word' id='word_1_147' title='bbox 1197 2248 1233 2286; x_wconf 91' lang='lat' dir='ltr'>eo</span> <span class='ocrx_word' id='word_1_148' title='bbox 1256 2227 1374 2304; x_wconf 89' lang='lat' dir='ltr'>quidem</span> <span class='ocrx_word' id='word_1_149' title='bbox 1398 2228 1573 2286; x_wconf 88' lang='lat' dir='ltr'>testimonio</span> <span class='ocrx_word' id='word_1_150' title='bbox 1594 2235 1701 2285; x_wconf 89' lang='lat' dir='ltr'>contro·</span> <span class='ocrx_word' id='word_1_151' title='bbox 1741 2217 1742 2280; x_wconf 68' lang='grc' dir='ltr'>ζ</span> 
     </span>
     <span class='ocr_line' id='line_1_16' title="bbox 376 2327 1742 2402; baseline -0.004 -13"><span class='ocrx_word' id='word_1_152' title='bbox 376 2332 476 2391; x_wconf 83' lang='lat' dir='ltr'>versia</span> <span class='ocrx_word' id='word_1_153' title='bbox 496 2333 607 2390; x_wconf 88' lang='lat' dir='ltr'>finitur.</span> <span class='ocrx_word' id='word_1_154' title='bbox 652 2329 685 2390; x_wconf 88' lang='lat' dir='ltr'>Si</span> <span class='ocrx_word' id='word_1_155' title='bbox 711 2339 791 2388; x_wconf 89' lang='lat' dir='ltr'>recte</span> <span class='ocrx_word' id='word_1_156' title='bbox 818 2330 942 2388; x_wconf 80' lang='lat' dir='ltr'>baberet</span> <span class='ocrx_word' id='word_1_157' title='bbox 964 2348 996 2388; x_wconf 87' lang='lat' dir='ltr'>se</span> <span class='ocrx_word' id='word_1_158' title='bbox 1018 2330 1204 2387; x_wconf 86' lang='lat' dir='ltr'>itinerarium</span> <span class='ocrx_word' id='word_1_159' title='bbox 1227 2330 1316 2388; x_wconf 91' lang='lat' dir='ltr'>modo</span> <span class='ocrx_word' id='word_1_160' title='bbox 1343 2330 1486 2400; x_wconf 87' lang='lat' dir='ltr'>relatum,</span> <span class='ocrx_word' id='word_1_161' title='bbox 1516 2329 1613 2386; x_wconf 87' lang='lat' dir='ltr'>Zama</span> <span class='ocrx_word' id='word_1_162' title='bbox 1633 2346 1701 2402; x_wconf 86' lang='lat' dir='ltr'>quae</span> <span class='ocrx_word' id='word_1_163' title='bbox 1741 2327 1742 2352; x_wconf 83' lang='lat'>³</span> 
     </span>
     <span class='ocr_line' id='line_1_17' title="bbox 376 2431 1701 2508; baseline -0.004 -18"><span class='ocrx_word' id='word_1_164' title='bbox 376 2434 432 2490; x_wconf 86' lang='lat' dir='ltr'>fuit</span> <span class='ocrx_word' id='word_1_165' title='bbox 454 2433 490 2490; x_wconf 89' lang='lat' dir='ltr'>ad</span> <span class='ocrx_word' id='word_1_166' title='bbox 514 2431 826 2507; x_wconf 85' lang='lat' dir='ltr'>Sidi-Amor-Djedidi</span> <span class='ocrx_word' id='word_1_167' title='bbox 849 2452 908 2491; x_wconf 93' lang='lat' dir='ltr'>non</span> <span class='ocrx_word' id='word_1_168' title='bbox 931 2431 987 2489; x_wconf 86' lang='lat' dir='ltr'>fuit</span> <span class='ocrx_word' id='word_1_169' title='bbox 1008 2431 1112 2508; x_wconf 60' lang='lat' dir='ltr'>Regias</span> <span class='ocrx_word' id='word_1_170' title='bbox 1135 2451 1203 2489; x_wconf 91' lang='lat' dir='ltr'>nam</span> <span class='ocrx_word' id='word_1_171' title='bbox 1227 2431 1354 2507; x_wconf 85' lang='lat' dir='ltr'>Uzappa</span> <span class='ocrx_word' id='word_1_172' title='bbox 1375 2432 1425 2490; x_wconf 91' lang='lat' dir='ltr'>ubi</span> <span class='ocrx_word' id='word_1_173' title='bbox 1448 2431 1537 2490; x_wconf 88' lang='lat' dir='ltr'>fuerit</span> <span class='ocrx_word' id='word_1_174' title='bbox 1561 2431 1701 2490; x_wconf 80' lang='lat' dir='ltr'>cumiani</span> 
     </span>
     <span class='ocr_line' id='line_1_18' title="bbox 377 2532 1701 2612; baseline -0.003 -20"><span class='ocrx_word' id='word_1_175' title='bbox 377 2543 494 2593; x_wconf 90' lang='lat' dir='ltr'>constet</span> <span class='ocrx_word' id='word_1_176' title='bbox 515 2535 557 2610; x_wconf 84' lang='lat' dir='ltr'>(v.</span> <span class='ocrx_word' id='word_1_177' title='bbox 575 2554 602 2611; x_wconf 92' lang='lat' dir='ltr'>p.</span> <span class='ocrx_word' id='word_1_178' title='bbox 618 2535 703 2610; x_wconf 80' lang='lat'>278),</span> <span class='ocrx_word' id='word_1_179' title='bbox 726 2543 841 2593; x_wconf 89' lang='lat' dir='ltr'>constet</span> <span class='ocrx_word' id='word_1_180' title='bbox 856 2534 926 2592; x_wconf 87' lang='lat' dir='ltr'>item</span> <span class='ocrx_word' id='word_1_181' title='bbox 942 2532 978 2589; x_wconf 90' lang='lat' dir='ltr'>de</span> <span class='ocrx_word' id='word_1_182' title='bbox 995 2534 1092 2608; x_wconf 81' lang='lat' dir='ltr'>Aqola</span> <span class='ocrx_word' id='word_1_183' title='bbox 1108 2534 1211 2609; x_wconf 84' lang='lat' dir='ltr'>Regiis</span> <span class='ocrx_word' id='word_1_184' title='bbox 1235 2533 1484 2612; x_wconf 79' lang='lat' dir='ltr'>(v.v111p.20)‚</span> <span class='ocrx_word' id='word_1_185' title='bbox 1506 2535 1587 2592; x_wconf 88' lang='lat' dir='ltr'>inter</span> <span class='ocrx_word' id='word_1_186' title='bbox 1603 2543 1701 2591; x_wconf 87' lang='lat' dir='ltr'>utram·</span> 
     </span>
     <span class='ocr_line' id='line_1_19' title="bbox 377 2633 1702 2714; baseline -0.006 -18"><span class='ocrx_word' id='word_1_187' title='bbox 377 2657 433 2713; x_wconf 90' lang='lat' dir='ltr'>que</span> <span class='ocrx_word' id='word_1_188' title='bbox 450 2638 636 2695; x_wconf 89' lang='lat' dir='ltr'>mansionem</span> <span class='ocrx_word' id='word_1_189' title='bbox 652 2637 795 2713; x_wconf 89' lang='lat' dir='ltr'>oppidum</span> <span class='ocrx_word' id='word_1_190' title='bbox 816 2636 854 2693; x_wconf 91' lang='lat' dir='ltr'>ad</span> <span class='ocrx_word' id='word_1_191' title='bbox 870 2633 1183 2709; x_wconf 80' lang='lat' dir='ltr'>Sidi-Amor-Djedidi</span> <span class='ocrx_word' id='word_1_192' title='bbox 1204 2636 1355 2714; x_wconf 88' lang='lat' dir='ltr'>interponi</span> <span class='ocrx_word' id='word_1_193' title='bbox 1377 2654 1437 2694; x_wconf 93' lang='lat' dir='ltr'>nou</span> <span class='ocrx_word' id='word_1_194' title='bbox 1458 2644 1561 2711; x_wconf 89' lang='lat' dir='ltr'>potest</span> <span class='ocrx_word' id='word_1_195' title='bbox 1583 2635 1639 2692; x_wconf 91' lang='lat' dir='ltr'>nisi</span> <span class='ocrx_word' id='word_1_196' title='bbox 1660 2633 1702 2689; x_wconf 85' lang='lat' dir='ltr'>ad·</span> 
     </span>
     <span class='ocr_line' id='line_1_20' title="bbox 377 2723 1742 2812; baseline -0.007 -13"><span class='ocrx_word' id='word_1_197' title='bbox 377 2741 480 2799; x_wconf 89' lang='lat' dir='ltr'>missis</span> <span class='ocrx_word' id='word_1_198' title='bbox 496 2740 560 2798; x_wconf 87' lang='lat' dir='ltr'>viae</span> <span class='ocrx_word' id='word_1_199' title='bbox 573 2725 760 2797; x_wconf 81' lang='lat' dir='ltr'>anfractibus</span> <span class='ocrx_word' id='word_1_200' title='bbox 776 2737 860 2796; x_wconf 91' lang='lat' dir='ltr'>nullo</span> <span class='ocrx_word' id='word_1_201' title='bbox 877 2737 964 2796; x_wconf 90' lang='lat' dir='ltr'>modo</span> <span class='ocrx_word' id='word_1_202' title='bbox 980 2738 1151 2796; x_wconf 86' lang='lat' dir='ltr'>tolerandis.</span> <span class='ocrx_word' id='word_1_203' title='bbox 1189 2740 1231 2795; x_wconf 89' lang='lat' dir='ltr'>At</span> <span class='ocrx_word' id='word_1_204' title='bbox 1251 2746 1283 2796; x_wconf 90' lang='lat' dir='ltr'>ut</span> <span class='ocrx_word' id='word_1_205' title='bbox 1299 2737 1422 2796; x_wconf 89' lang='lat' dir='ltr'>Zamam</span> <span class='ocrx_word' id='word_1_206' title='bbox 1439 2738 1607 2811; x_wconf 89' lang='lat' dir='ltr'>mittamus,</span> <span class='ocrx_word' id='word_1_207' title='bbox 1622 2739 1703 2795; x_wconf 84' lang='lat' dir='ltr'>etiam</span> <span class='ocrx_word' id='word_1_208' title='bbox 1741 2723 1742 2812; x_wconf 75' lang='lat' dir='ltr'>l</span> 
     </span>
     <span class='ocr_line' id='line_1_21' title="bbox 377 2839 1704 2915; baseline -0.006 -15"><span class='ocrx_word' id='word_1_209' title='bbox 377 2843 497 2900; x_wconf 87' lang='lat' dir='ltr'>aliunde</span> <span class='ocrx_word' id='word_1_210' title='bbox 519 2849 636 2900; x_wconf 90' lang='lat' dir='ltr'>constat</span> <span class='ocrx_word' id='word_1_211' title='bbox 657 2840 840 2898; x_wconf 89' lang='lat' dir='ltr'>itinerarium</span> <span class='ocrx_word' id='word_1_212' title='bbox 864 2841 938 2899; x_wconf 90' lang='lat' dir='ltr'>illud</span> <span class='ocrx_word' id='word_1_213' title='bbox 954 2849 1046 2898; x_wconf 90' lang='lat' dir='ltr'>totum</span> <span class='ocrx_word' id='word_1_214' title='bbox 1070 2840 1271 2915; x_wconf 88' lang='lat' dir='ltr'>perturbatum</span> <span class='ocrx_word' id='word_1_215' title='bbox 1288 2858 1364 2898; x_wconf 88' lang='lat' dir='ltr'>esse.</span> <span class='ocrx_word' id='word_1_216' title='bbox 1399 2839 1563 2898; x_wconf 83' lang='lat' dir='ltr'>Nemeum</span> <span class='ocrx_word' id='word_1_217' title='bbox 1580 2842 1704 2898; x_wconf 80' lang='lat' dir='ltr'>Assuras</span> 
     </span>
    </p>
   </div>
   <div class='ocr_carea' id='block_1_6' title="bbox 377 2940 1742 3632">
    <p class='ocr_par' dir='ltr' id='par_1_6' title="bbox 377 2935 1742 3632">
     <span class='ocr_line' id='line_1_22' title="bbox 377 2940 1704 3022; baseline -0.004 -21"><span class='ocrx_word' id='word_1_218' title='bbox 377 2947 415 3003; x_wconf 92' lang='lat' dir='ltr'>ab</span> <span class='ocrx_word' id='word_1_219' title='bbox 430 2944 557 3022; x_wconf 88' lang='lat' dir='ltr'>Uzappa</span> <span class='ocrx_word' id='word_1_220' title='bbox 580 2944 628 3002; x_wconf 88' lang='lat' dir='ltr'>via</span> <span class='ocrx_word' id='word_1_221' title='bbox 649 2953 731 3002; x_wconf 88' lang='lat' dir='ltr'>recta</span> <span class='ocrx_word' id='word_1_222' title='bbox 752 2962 791 3001; x_wconf 91' lang='lat' dir='ltr'>m.</span> <span class='ocrx_word' id='word_1_223' title='bbox 807 2960 836 3018; x_wconf 91' lang='lat' dir='ltr'>p.</span> <span class='ocrx_word' id='word_1_224' title='bbox 853 2943 970 3002; x_wconf 88' lang='lat' dir='ltr'>circiter</span> <span class='ocrx_word' id='word_1_225' title='bbox 987 2941 1096 3000; x_wconf 87' lang='lat' dir='ltr'>XXIII</span> <span class='ocrx_word' id='word_1_226' title='bbox 1119 2942 1206 3013; x_wconf 86' lang='lat' dir='ltr'>absit,</span> <span class='ocrx_word' id='word_1_227' title='bbox 1230 2941 1391 3000; x_wconf 84' lang='lat' dir='ltr'>secuudum</span> <span class='ocrx_word' id='word_1_228' title='bbox 1415 2941 1474 3000; x_wconf 88' lang='lat' dir='ltr'>tab.</span> <span class='ocrx_word' id='word_1_229' title='bbox 1490 2942 1635 3018; x_wconf 83' lang='lat' dir='ltr'>Peuting.</span> <span class='ocrx_word' id='word_1_230' title='bbox 1656 2940 1704 2996; x_wconf 86' lang='lat' dir='ltr'>hoc</span> 
     </span>
     <span class='ocr_line' id='line_1_23' title="bbox 377 3043 1705 3121; baseline -0.006 -16"><span class='ocrx_word' id='word_1_231' title='bbox 377 3047 565 3105; x_wconf 86' lang='lat' dir='ltr'>intervallum</span> <span class='ocrx_word' id='word_1_232' title='bbox 581 3046 660 3104; x_wconf 82' lang='lat' dir='ltr'>foret</span> <span class='ocrx_word' id='word_1_233' title='bbox 675 3045 786 3103; x_wconf 91' lang='lat' dir='ltr'>milium</span> <span class='ocrx_word' id='word_1_234' title='bbox 808 3045 916 3121; x_wconf 87' lang='lat' dir='ltr'>pedum</span> <span class='ocrx_word' id='word_1_235' title='bbox 931 3044 1015 3103; x_wconf 89' lang='lat' dir='ltr'>LIII.</span> <span class='ocrx_word' id='word_1_236' title='bbox 1049 3043 1167 3101; x_wconf 86' lang='lat' dir='ltr'>Deinde</span> <span class='ocrx_word' id='word_1_237' title='bbox 1182 3063 1236 3102; x_wconf 87' lang='lat' dir='ltr'>sex</span> <span class='ocrx_word' id='word_1_238' title='bbox 1251 3044 1407 3115; x_wconf 89' lang='lat' dir='ltr'>stationes,</span> <span class='ocrx_word' id='word_1_239' title='bbox 1429 3053 1503 3120; x_wconf 91' lang='lat' dir='ltr'>quot</span> <span class='ocrx_word' id='word_1_240' title='bbox 1516 3051 1705 3102; x_wconf 83' lang='lat' dir='ltr'>recensentur</span> 
     </span>
     <span class='ocr_line' id='line_1_24' title="bbox 377 3143 1706 3226; baseline -0.005 -20"><span class='ocrx_word' id='word_1_241' title='bbox 377 3149 407 3205; x_wconf 92' lang='lat' dir='ltr'>iu</span> <span class='ocrx_word' id='word_1_242' title='bbox 430 3149 532 3206; x_wconf 88' lang='lat' dir='ltr'>tabula</span> <span class='ocrx_word' id='word_1_243' title='bbox 554 3148 704 3226; x_wconf 85' lang='lat' dir='ltr'>Peutiug.,</span> <span class='ocrx_word' id='word_1_244' title='bbox 727 3155 785 3205; x_wconf 90' lang='lat' dir='ltr'>tam</span> <span class='ocrx_word' id='word_1_245' title='bbox 809 3165 902 3223; x_wconf 86' lang='lat' dir='ltr'>parvo</span> <span class='ocrx_word' id='word_1_246' title='bbox 926 3147 991 3206; x_wconf 83' lang='lat' dir='ltr'>viae</span> <span class='ocrx_word' id='word_1_247' title='bbox 1014 3147 1121 3205; x_wconf 89' lang='lat' dir='ltr'>tractui</span> <span class='ocrx_word' id='word_1_248' title='bbox 1144 3147 1220 3204; x_wconf 86' lang='lat' dir='ltr'>male</span> <span class='ocrx_word' id='word_1_249' title='bbox 1242 3148 1431 3205; x_wconf 88' lang='lat' dir='ltr'>conveniunt.</span> <span class='ocrx_word' id='word_1_250' title='bbox 1471 3143 1561 3218; x_wconf 84' lang='lat' dir='ltr'>Quae</span> <span class='ocrx_word' id='word_1_251' title='bbox 1583 3165 1649 3204; x_wconf 88' lang='lat' dir='ltr'>cum</span> <span class='ocrx_word' id='word_1_252' title='bbox 1669 3145 1706 3200; x_wconf 82' lang='lat' dir='ltr'>ia</span> 
     </span>
     <span class='ocr_line' id='line_1_25' title="bbox 378 3247 1707 3324; baseline -0.005 -17"><span class='ocrx_word' id='word_1_253' title='bbox 378 3251 453 3321; x_wconf 91' lang='lat' dir='ltr'>siut,</span> <span class='ocrx_word' id='word_1_254' title='bbox 482 3251 666 3310; x_wconf 87' lang='lat' dir='ltr'>itinerarium</span> <span class='ocrx_word' id='word_1_255' title='bbox 688 3267 748 3307; x_wconf 90' lang='lat' dir='ltr'>non</span> <span class='ocrx_word' id='word_1_256' title='bbox 771 3250 872 3308; x_wconf 88' lang='lat' dir='ltr'>obstat</span> <span class='ocrx_word' id='word_1_257' title='bbox 893 3249 1052 3324; x_wconf 85' lang='lat' dir='ltr'>quominus</span> <span class='ocrx_word' id='word_1_258' title='bbox 1076 3248 1198 3306; x_wconf 88' lang='lat' dir='ltr'>Zamam</span> <span class='ocrx_word' id='word_1_259' title='bbox 1220 3249 1299 3307; x_wconf 89' lang='lat' dir='ltr'>tituli</span> <span class='ocrx_word' id='word_1_260' title='bbox 1326 3247 1405 3306; x_wconf 85' lang='lat' dir='ltr'>infra</span> <span class='ocrx_word' id='word_1_261' title='bbox 1424 3248 1510 3307; x_wconf 87' lang='lat' dir='ltr'>relati</span> <span class='ocrx_word' id='word_1_262' title='bbox 1535 3267 1597 3324; x_wconf 89' lang='lat' dir='ltr'>pro</span> <span class='ocrx_word' id='word_1_263' title='bbox 1618 3247 1707 3322; x_wconf 84' lang='lat' dir='ltr'>Regia</span> 
     </span>
     <span class='ocr_line' id='line_1_26' title="bbox 379 3335 1742 3429; baseline -0.005 -19"><span class='ocrx_word' id='word_1_264' title='bbox 379 3353 571 3429; x_wconf 82' lang='lat' dir='ltr'>accipiamus,</span> <span class='ocrx_word' id='word_1_265' title='bbox 593 3371 658 3411; x_wconf 90' lang='lat' dir='ltr'>cum</span> <span class='ocrx_word' id='word_1_266' title='bbox 681 3351 856 3427; x_wconf 89' lang='lat' dir='ltr'>praesertim</span> <span class='ocrx_word' id='word_1_267' title='bbox 879 3369 945 3408; x_wconf 92' lang='lat' dir='ltr'>eam</span> <span class='ocrx_word' id='word_1_268' title='bbox 968 3352 1058 3410; x_wconf 83' lang='lat' dir='ltr'>sitam</span> <span class='ocrx_word' id='word_1_269' title='bbox 1080 3351 1172 3409; x_wconf 85' lang='lat' dir='ltr'>fuisse</span> <span class='ocrx_word' id='word_1_270' title='bbox 1196 3350 1233 3408; x_wconf 90' lang='lat' dir='ltr'>ab</span> <span class='ocrx_word' id='word_1_271' title='bbox 1252 3350 1416 3408; x_wconf 90' lang='lat' dir='ltr'>Assuribus</span> <span class='ocrx_word' id='word_1_272' title='bbox 1439 3350 1627 3409; x_wconf 86' lang='lat' dir='ltr'>occidentem</span> <span class='ocrx_word' id='word_1_273' title='bbox 1649 3369 1706 3406; x_wconf 84' lang='lat' dir='ltr'>rer·</span> <span class='ocrx_word' id='word_1_274' title='bbox 1741 3335 1742 3416; x_wconf 63' lang='lat' dir='ltr'>l</span> 
     </span>
     <span class='ocr_line' id='line_1_27' title="bbox 379 3451 1706 3527; baseline -0.004 -15"><span class='ocrx_word' id='word_1_275' title='bbox 379 3472 431 3512; x_wconf 88' lang='lat' dir='ltr'>sus</span> <span class='ocrx_word' id='word_1_276' title='bbox 459 3455 549 3514; x_wconf 83' lang='lat' dir='ltr'>etiam</span> <span class='ocrx_word' id='word_1_277' title='bbox 575 3455 657 3514; x_wconf 89' lang='lat' dir='ltr'>illius</span> <span class='ocrx_word' id='word_1_278' title='bbox 688 3454 858 3513; x_wconf 84' lang='lat' dir='ltr'>testimonio</span> <span class='ocrx_word' id='word_1_279' title='bbox 891 3470 1014 3527; x_wconf 86' lang='lat' dir='ltr'>prorsus</span> <span class='ocrx_word' id='word_1_280' title='bbox 1048 3455 1248 3511; x_wconf 84' lang='lat' dir='ltr'>confirmetur.</span> <span class='ocrx_word' id='word_1_281' title='bbox 1304 3451 1440 3511; x_wconf 87' lang='lat' dir='ltr'>Sallustii</span> <span class='ocrx_word' id='word_1_282' title='bbox 1474 3460 1575 3512; x_wconf 88' lang='lat' dir='ltr'>autem</span> <span class='ocrx_word' id='word_1_283' title='bbox 1603 3452 1706 3508; x_wconf 84' lang='lat' dir='ltr'>Zamae</span> 
     </span>
     <span class='ocr_line' id='line_1_28' title="bbox 378 3551 1742 3632; baseline -0.006 -18"><span class='ocrx_word' id='word_1_284' title='bbox 378 3557 480 3632; x_wconf 90' lang='lat' dir='ltr'>oppidi</span> <span class='ocrx_word' id='word_1_285' title='bbox 507 3557 736 3632; x_wconf 87' lang='lat' dir='ltr'>descriptionem</span> <span class='ocrx_word' id='word_1_286' title='bbox 770 3556 848 3632; x_wconf 82' lang='lat' dir='ltr'>(Ing.</span> <span class='ocrx_word' id='word_1_287' title='bbox 867 3554 906 3613; x_wconf 83' lang='grc'>56</span> <span class='ocrx_word' id='word_1_288' title='bbox 929 3572 1007 3631; x_wconf 79' lang='lat' dir='ltr'>seq,</span> <span class='ocrx_word' id='word_1_289' title='bbox 1035 3555 1072 3613; x_wconf 90' lang='lat' dir='ltr'>cf.</span> <span class='ocrx_word' id='word_1_290' title='bbox 1086 3554 1162 3613; x_wconf 87' lang='lat' dir='ltr'>VIII</span> <span class='ocrx_word' id='word_1_291' title='bbox 1189 3573 1216 3629; x_wconf 89' lang='lat' dir='ltr'>p.</span> <span class='ocrx_word' id='word_1_292' title='bbox 1235 3553 1296 3611; x_wconf 74' lang='lat'>210</span> <span class='ocrx_word' id='word_1_293' title='bbox 1318 3554 1396 3630; x_wconf 89' lang='lat' dir='ltr'>seq.)</span> <span class='ocrx_word' id='word_1_294' title='bbox 1429 3555 1592 3613; x_wconf 87' lang='lat' dir='ltr'>convenire</span> <span class='ocrx_word' id='word_1_295' title='bbox 1619 3551 1705 3610; x_wconf 79' lang='lat' dir='ltr'>videri</span> <span class='ocrx_word' id='word_1_296' title='bbox 1741 3583 1742 3630; x_wconf 70' lang='lat'>}</span> 
     </span>
    </p>
   </div>
   <div class='ocr_carea' id='block_1_7' title="bbox 379 3654 1742 3736">
    <p class='ocr_par' dir='ltr' id='par_1_7' title="bbox 379 3654 1742 3736">
     <span class='ocr_line' id='line_1_29' title="bbox 379 3654 1742 3736; baseline -0.007 -19"><span class='ocrx_word' id='word_1_297' title='bbox 379 3679 446 3717; x_wconf 90' lang='lat' dir='ltr'>cum</span> <span class='ocrx_word' id='word_1_298' title='bbox 474 3661 534 3718; x_wconf 90' lang='lat' dir='ltr'>situ</span> <span class='ocrx_word' id='word_1_299' title='bbox 560 3678 608 3734; x_wconf 86' lang='lat' dir='ltr'>ea,</span> <span class='ocrx_word' id='word_1_300' title='bbox 637 3661 686 3718; x_wconf 89' lang='lat' dir='ltr'>ubi</span> <span class='ocrx_word' id='word_1_301' title='bbox 713 3667 758 3718; x_wconf 89' lang='lat' dir='ltr'>est</span> <span class='ocrx_word' id='word_1_302' title='bbox 784 3655 1129 3736; x_wconf 69' lang='lat' dir='ltr'>siut-smor-Djedtdt,</span> <span class='ocrx_word' id='word_1_303' title='bbox 1163 3655 1275 3714; x_wconf 90' lang='lat' dir='ltr'>iudicat</span> <span class='ocrx_word' id='word_1_304' title='bbox 1301 3654 1428 3715; x_wconf 85' lang='lat' dir='ltr'>Carolus</span> <span class='ocrx_word' id='word_1_305' title='bbox 1456 3655 1578 3728; x_wconf 87' lang='lat' dir='ltr'>Tissot,</span> <span class='ocrx_word' id='word_1_306' title='bbox 1610 3657 1706 3712; x_wconf 84' lang='lat' dir='ltr'>harum</span> <span class='ocrx_word' id='word_1_307' title='bbox 1741 3685 1742 3688; x_wconf 61' lang='lat'><em>=</em></span> 
     </span>
    </p>
   </div>
   <div class='ocr_carea' id='block_1_8' title="bbox 378 3755 1706 3943">
    <p class='ocr_par' dir='ltr' id='par_1_8' title="bbox 378 3755 1706 3943">
     <span class='ocr_line' id='line_1_30' title="bbox 379 3755 1706 3840; baseline -0.005 -20"><span class='ocrx_word' id='word_1_308' title='bbox 379 3763 585 3840; x_wconf 84' lang='lat' dir='ltr'>quaestionum</span> <span class='ocrx_word' id='word_1_309' title='bbox 607 3762 793 3822; x_wconf 84' lang='lat' dir='ltr'>existimator</span> <span class='ocrx_word' id='word_1_310' title='bbox 815 3759 1013 3837; x_wconf 86' lang='lat' dir='ltr'>peritissimus</span> <span class='ocrx_word' id='word_1_311' title='bbox 1044 3759 1307 3834; x_wconf 79' lang='lat' dir='ltr'>(comptas-raudus</span> <span class='ocrx_word' id='word_1_312' title='bbox 1335 3759 1369 3816; x_wconf 81' lang='lat' dir='ltr'>cle</span> <span class='ocrx_word' id='word_1_313' title='bbox 1393 3758 1500 3816; x_wconf 82' lang='lat' dir='ltr'>l&#39;acad.</span> <span class='ocrx_word' id='word_1_314' title='bbox 1521 3757 1575 3814; x_wconf 90' lang='lat' dir='ltr'>XI</span> <span class='ocrx_word' id='word_1_315' title='bbox 1603 3755 1706 3831; x_wconf 80' lang='lat'>(1883)</span> 
     </span>
     <span class='ocr_line' id='line_1_31' title="bbox 378 3855 1706 3943; baseline -0.008 -21"><span class='ocrx_word' id='word_1_316' title='bbox 378 3885 408 3943; x_wconf 93' lang='lat' dir='ltr'>p.</span> <span class='ocrx_word' id='word_1_317' title='bbox 426 3864 510 3941; x_wconf 76' lang='lat'>207).</span> <span class='ocrx_word' id='word_1_318' title='bbox 549 3865 687 3940; x_wconf 81' lang='lat' dir='ltr'>Demque</span> <span class='ocrx_word' id='word_1_319' title='bbox 710 3864 823 3939; x_wconf 89' lang='lat' dir='ltr'>aliquid</span> <span class='ocrx_word' id='word_1_320' title='bbox 845 3861 987 3937; x_wconf 87' lang='lat' dir='ltr'>ponderis</span> <span class='ocrx_word' id='word_1_321' title='bbox 1010 3861 1109 3932; x_wconf 88' lang='lat' dir='ltr'>habet,</span> <span class='ocrx_word' id='word_1_322' title='bbox 1131 3861 1210 3936; x_wconf 89' lang='lat' dir='ltr'>quod</span> <span class='ocrx_word' id='word_1_323' title='bbox 1232 3861 1263 3918; x_wconf 94' lang='lat' dir='ltr'>in</span> <span class='ocrx_word' id='word_1_324' title='bbox 1286 3860 1387 3919; x_wconf 89' lang='lat' dir='ltr'>tabula</span> <span class='ocrx_word' id='word_1_325' title='bbox 1410 3868 1587 3936; x_wconf 88' lang='lat' dir='ltr'>patronatus</span> <span class='ocrx_word' id='word_1_326' title='bbox 1610 3878 1636 3915; x_wconf 87' lang='lat' dir='ltr'>a.</span> <span class='ocrx_word' id='word_1_327' title='bbox 1653 3855 1706 3914; x_wconf 69' lang='lat'>322</span> 
     </span>
    </p>
   </div>
   <div class='ocr_carea' id='block_1_9' title="bbox 379 3943 1742 4042">
    <p class='ocr_par' dir='ltr' id='par_1_9' title="bbox 379 3943 1742 4042">
     <span class='ocr_line' id='line_1_32' title="bbox 379 3943 1742 4042; baseline -0.009 -17"><span class='ocrx_word' id='word_1_328' title='bbox 379 3964 428 4042; x_wconf 86' lang='lat' dir='ltr'>(O.</span> <span class='ocrx_word' id='word_1_329' title='bbox 444 3967 468 4026; x_wconf 87' lang='grc' dir='ltr'>Ι.</span> <span class='ocrx_word' id='word_1_330' title='bbox 482 3967 518 4025; x_wconf 90' lang='lat' dir='ltr'>L.</span> <span class='ocrx_word' id='word_1_331' title='bbox 532 3967 585 4038; x_wconf 88' lang='lat' dir='ltr'>VI,</span> <span class='ocrx_word' id='word_1_332' title='bbox 602 3965 695 4042; x_wconf 87' lang='grc'>1686)</span> <span class='ocrx_word' id='word_1_333' title='bbox 717 3965 909 4024; x_wconf 86' lang='lat' dir='ltr'>inveniuntur</span> <span class='ocrx_word' id='word_1_334' title='bbox 929 3963 1020 4022; x_wconf 80' lang='lat' dir='ltr'>coloni</span> <span class='ocrx_word' id='word_1_335' title='bbox 1042 3964 1168 4021; x_wconf 79' lang='lat' dir='ltr'>coloniae</span> <span class='ocrx_word' id='word_1_336' title='bbox 1190 3943 1484 4020; x_wconf 58' lang='lat' dir='ltr'>Aetiae&#39;Hadrsanae</span> <span class='ocrx_word' id='word_1_337' title='bbox 1503 3961 1583 4037; x_wconf 79' lang='lat' dir='ltr'>Aaq.</span> <span class='ocrx_word' id='word_1_338' title='bbox 1607 3961 1707 4018; x_wconf 78' lang='lat' dir='ltr'>Zamae</span> <span class='ocrx_word' id='word_1_339' title='bbox 1741 3967 1742 4042; x_wconf 59' lang='lat' dir='ltr'>l</span> 
     </span>
    </p>
   </div>
   <div class='ocr_carea' id='block_1_10' title="bbox 379 4063 1714 5273">
    <p class='ocr_par' dir='ltr' id='par_1_10' title="bbox 379 4063 1714 5273">
     <span class='ocr_line' id='line_1_33' title="bbox 379 4063 1707 4145; baseline -0.008 -19"><span class='ocrx_word' id='word_1_340' title='bbox 379 4069 501 4145; x_wconf 77' lang='lat' dir='ltr'>Raptae,</span> <span class='ocrx_word' id='word_1_341' title='bbox 527 4070 558 4127; x_wconf 91' lang='lat' dir='ltr'>iu</span> <span class='ocrx_word' id='word_1_342' title='bbox 585 4068 673 4128; x_wconf 90' lang='lat' dir='ltr'>titulo</span> <span class='ocrx_word' id='word_1_343' title='bbox 701 4075 799 4126; x_wconf 84' lang='lat' dir='ltr'>autem</span> <span class='ocrx_word' id='word_1_344' title='bbox 826 4085 915 4142; x_wconf 90' lang='lat' dir='ltr'>quem</span> <span class='ocrx_word' id='word_1_345' title='bbox 940 4068 1000 4125; x_wconf 90' lang='lat' dir='ltr'>iam</span> <span class='ocrx_word' id='word_1_346' title='bbox 1028 4067 1143 4124; x_wconf 87' lang='lat' dir='ltr'>edimus</span> <span class='ocrx_word' id='word_1_347' title='bbox 1169 4084 1197 4122; x_wconf 90' lang='lat' dir='ltr'>u.</span> <span class='ocrx_word' id='word_1_348' title='bbox 1219 4063 1295 4134; x_wconf 82' lang='lat'><strong>289,</strong></span> <span class='ocrx_word' id='word_1_349' title='bbox 1325 4063 1418 4122; x_wconf 86' lang='lat' dir='ltr'>Zama</span> <span class='ocrx_word' id='word_1_350' title='bbox 1445 4083 1505 4122; x_wconf 90' lang='lat' dir='ltr'>nou</span> <span class='ocrx_word' id='word_1_351' title='bbox 1533 4063 1636 4122; x_wconf 88' lang='lat' dir='ltr'>solum</span> <span class='ocrx_word' id='word_1_352' title='bbox 1664 4079 1707 4118; x_wconf 83' lang='lat' dir='ltr'>ca-</span> 
     </span>
     <span class='ocr_line' id='line_1_34' title="bbox 379 4163 1708 4248; baseline -0.007 -20"><span class='ocrx_word' id='word_1_353' title='bbox 379 4172 461 4230; x_wconf 87' lang='lat' dir='ltr'>lonia</span> <span class='ocrx_word' id='word_1_354' title='bbox 488 4171 670 4248; x_wconf 84' lang='lat' dir='ltr'>appellatur,</span> <span class='ocrx_word' id='word_1_355' title='bbox 701 4191 804 4230; x_wconf 87' lang='lat' dir='ltr'>verum</span> <span class='ocrx_word' id='word_1_356' title='bbox 833 4170 922 4228; x_wconf 87' lang='lat' dir='ltr'>etiam</span> <span class='ocrx_word' id='word_1_357' title='bbox 949 4169 1070 4227; x_wconf 88' lang='lat' dir='ltr'>flamoni</span> <span class='ocrx_word' id='word_1_358' title='bbox 1096 4167 1232 4245; x_wconf 86' lang='lat' dir='ltr'>perpetui</span> <span class='ocrx_word' id='word_1_359' title='bbox 1259 4166 1371 4224; x_wconf 87' lang='lat' dir='ltr'>mentio</span> <span class='ocrx_word' id='word_1_360' title='bbox 1399 4168 1433 4225; x_wconf 87' lang='lat' dir='ltr'>fit</span> <span class='ocrx_word' id='word_1_361' title='bbox 1461 4166 1521 4222; x_wconf 88' lang='lat' dir='ltr'>divi</span> <span class='ocrx_word' id='word_1_362' title='bbox 1551 4163 1708 4230; x_wconf 80' lang='lat' dir='ltr'>Hadriani,</span> 
     </span>
     <span class='ocr_line' id='line_1_35' title="bbox 379 4249 1708 4348; baseline -0.006 -19"><span class='ocrx_word' id='word_1_363' title='bbox 379 4290 440 4348; x_wconf 91' lang='lat' dir='ltr'>quo</span> <span class='ocrx_word' id='word_1_364' title='bbox 473 4271 660 4331; x_wconf 90' lang='lat' dir='ltr'>Hadrianum</span> <span class='ocrx_word' id='word_1_365' title='bbox 693 4273 780 4331; x_wconf 88' lang='lat' dir='ltr'>huius</span> <span class='ocrx_word' id='word_1_366' title='bbox 813 4272 909 4348; x_wconf 83' lang='lat' dir='ltr'>Ipsius</span> <span class='ocrx_word' id='word_1_367' title='bbox 942 4270 1076 4329; x_wconf 89' lang='lat' dir='ltr'>coloniae</span> <span class='ocrx_word' id='word_1_368' title='bbox 1109 4249 1293 4327; x_wconf 83' lang='lat' dir='ltr'>conditorem</span> <span class='ocrx_word' id='word_1_369' title='bbox 1327 4268 1420 4326; x_wconf 89' lang='lat' dir='ltr'>fuisse</span> <span class='ocrx_word' id='word_1_370' title='bbox 1453 4267 1539 4325; x_wconf 82' lang='lat' dir='ltr'>valde</span> <span class='ocrx_word' id='word_1_371' title='bbox 1578 4267 1708 4344; x_wconf 86' lang='lat' dir='ltr'>prolecto</span> 
     </span>
     <span class='ocr_line' id='line_1_36' title="bbox 379 4369 1708 4450; baseline -0.008 -17"><span class='ocrx_word' id='word_1_372' title='bbox 379 4375 605 4434; x_wconf 88' lang='lat' dir='ltr'>commendatur</span> <span class='ocrx_word' id='word_1_373' title='bbox 627 4375 806 4434; x_wconf 88' lang='lat' dir='ltr'>coniectura.</span> <span class='ocrx_word' id='word_1_374' title='bbox 856 4374 938 4450; x_wconf 86' lang='lat' dir='ltr'>Ergo</span> <span class='ocrx_word' id='word_1_375' title='bbox 966 4373 1103 4450; x_wconf 88' lang='lat' dir='ltr'>equidem</span> <span class='ocrx_word' id='word_1_376' title='bbox 1132 4389 1191 4430; x_wconf 93' lang='lat' dir='ltr'>non</span> <span class='ocrx_word' id='word_1_377' title='bbox 1220 4371 1449 4446; x_wconf 86' lang='lat' dir='ltr'>subscripserim</span> <span class='ocrx_word' id='word_1_378' title='bbox 1476 4369 1708 4428; x_wconf 86' lang='lat' dir='ltr'>dubitationibus</span> 
     </span>
     <span class='ocr_line' id='line_1_37' title="bbox 379 4471 1711 4548; baseline -0.006 -14"><span class='ocrx_word' id='word_1_379' title='bbox 379 4477 513 4536; x_wconf 78' lang='lat' dir='ltr'>virorum</span> <span class='ocrx_word' id='word_1_380' title='bbox 536 4478 690 4536; x_wconf 91' lang='lat' dir='ltr'>doctorum</span> <span class='ocrx_word' id='word_1_381' title='bbox 717 4477 840 4536; x_wconf 90' lang='lat' dir='ltr'>nimium</span> <span class='ocrx_word' id='word_1_382' title='bbox 869 4481 1096 4546; x_wconf 84' lang='lat' dir='ltr'>cautorum‚&#39;ut</span> <span class='ocrx_word' id='word_1_383' title='bbox 1123 4474 1195 4532; x_wconf 89' lang='lat' dir='ltr'>mibi</span> <span class='ocrx_word' id='word_1_384' title='bbox 1223 4473 1353 4542; x_wconf 83' lang='lat' dir='ltr'>videtur,</span> <span class='ocrx_word' id='word_1_385' title='bbox 1385 4472 1435 4548; x_wconf 92' lang='lat' dir='ltr'>qui</span> <span class='ocrx_word' id='word_1_386' title='bbox 1461 4472 1491 4530; x_wconf 88' lang='lat' dir='ltr'>in</span> <span class='ocrx_word' id='word_1_387' title='bbox 1520 4471 1579 4530; x_wconf 89' lang='lat' dir='ltr'>bac</span> <span class='ocrx_word' id='word_1_388' title='bbox 1608 4487 1711 4529; x_wconf 85' lang='lat' dir='ltr'>caussa</span> 
     </span>
     <span class='ocr_line' id='line_1_38' title="bbox 380 4571 1710 4657; baseline -0.008 -21"><span class='ocrx_word' id='word_1_389' title='bbox 380 4581 549 4639; x_wconf 87' lang='lat' dir='ltr'>etiamnunc</span> <span class='ocrx_word' id='word_1_390' title='bbox 574 4580 777 4657; x_wconf 86' lang='lat' dir='ltr'>ampliandum</span> <span class='ocrx_word' id='word_1_391' title='bbox 804 4597 872 4639; x_wconf 88' lang='lat' dir='ltr'>esse</span> <span class='ocrx_word' id='word_1_392' title='bbox 899 4579 1112 4637; x_wconf 86' lang='lat' dir='ltr'>iudicaverunt.</span> <span class='ocrx_word' id='word_1_393' title='bbox 1167 4573 1307 4634; x_wconf 82' lang='lat' dir='ltr'>Ceterum</span> <span class='ocrx_word' id='word_1_394' title='bbox 1333 4574 1381 4631; x_wconf 90' lang='lat' dir='ltr'>bic</span> <span class='ocrx_word' id='word_1_395' title='bbox 1407 4574 1490 4632; x_wconf 87' lang='lat' dir='ltr'>iuvat</span> <span class='ocrx_word' id='word_1_396' title='bbox 1520 4591 1645 4632; x_wconf 87' lang='lat' dir='ltr'>mouere</span> <span class='ocrx_word' id='word_1_397' title='bbox 1677 4571 1710 4627; x_wconf 88' lang='lat' dir='ltr'>ab</span> 
     </span>
     <span class='ocr_line' id='line_1_39' title="bbox 379 4674 1710 4759; baseline -0.007 -20"><span class='ocrx_word' id='word_1_398' title='bbox 379 4683 601 4759; x_wconf 84' lang='lat' dir='ltr'>provinciarum</span> <span class='ocrx_word' id='word_1_399' title='bbox 623 4683 848 4758; x_wconf 86' lang='lat' dir='ltr'>proconsularis</span> <span class='ocrx_word' id='word_1_400' title='bbox 871 4691 901 4740; x_wconf 87' lang='lat' dir='ltr'>et</span> <span class='ocrx_word' id='word_1_401' title='bbox 920 4681 1095 4756; x_wconf 84' lang='lat' dir='ltr'>Byzacenae</span> <span class='ocrx_word' id='word_1_402' title='bbox 1116 4677 1247 4736; x_wconf 87' lang='lat' dir='ltr'>confinio</span> <span class='ocrx_word' id='word_1_403' title='bbox 1272 4676 1394 4734; x_wconf 86' lang='lat' dir='ltr'>Zamam</span> <span class='ocrx_word' id='word_1_404' title='bbox 1424 4677 1561 4753; x_wconf 86' lang='lat' dir='ltr'>proxime</span> <span class='ocrx_word' id='word_1_405' title='bbox 1593 4674 1710 4732; x_wconf 81' lang='lat' dir='ltr'>aluisse.</span> 
     </span>
     <span class='ocr_line' id='line_1_40' title="bbox 379 4778 1710 4859; baseline -0.008 -17"><span class='ocrx_word' id='word_1_406' title='bbox 379 4783 458 4842; x_wconf 90' lang='lat' dir='ltr'>Nam</span> <span class='ocrx_word' id='word_1_407' title='bbox 482 4796 514 4844; x_wconf 91' lang='lat' dir='ltr'>ut</span> <span class='ocrx_word' id='word_1_408' title='bbox 535 4786 684 4845; x_wconf 86' lang='lat' dir='ltr'>civitatem</span> <span class='ocrx_word' id='word_1_409' title='bbox 706 4785 916 4844; x_wconf 86' lang='lat' dir='ltr'>Muzucenseru</span> <span class='ocrx_word' id='word_1_410' title='bbox 937 4783 1006 4840; x_wconf 88' lang='lat' dir='ltr'>inde</span> <span class='ocrx_word' id='word_1_411' title='bbox 1028 4780 1132 4859; x_wconf 88' lang='lat' dir='ltr'>paucis</span> <span class='ocrx_word' id='word_1_412' title='bbox 1155 4779 1348 4838; x_wconf 83' lang='lat' dir='ltr'>chiliometris</span> <span class='ocrx_word' id='word_1_413' title='bbox 1372 4779 1531 4837; x_wconf 82' lang='lat' dir='ltr'>dIstautem</span> <span class='ocrx_word' id='word_1_414' title='bbox 1559 4778 1710 4836; x_wconf 85' lang='lat' dir='ltr'>meridiem</span> 
     </span>
     <span class='ocr_line' id='line_1_41' title="bbox 379 4877 1712 4964; baseline -0.008 -20"><span class='ocrx_word' id='word_1_415' title='bbox 379 4905 483 4946; x_wconf 86' lang='lat' dir='ltr'>versus</span> <span class='ocrx_word' id='word_1_416' title='bbox 512 4887 689 4964; x_wconf 84' lang='lat' dir='ltr'>Byzacenae</span> <span class='ocrx_word' id='word_1_417' title='bbox 722 4888 831 4946; x_wconf 88' lang='lat' dir='ltr'>finibus</span> <span class='ocrx_word' id='word_1_418' title='bbox 864 4886 1009 4945; x_wconf 90' lang='lat' dir='ltr'>inclusam</span> <span class='ocrx_word' id='word_1_419' title='bbox 1041 4883 1134 4941; x_wconf 81' lang='lat' dir='ltr'>fulsse</span> <span class='ocrx_word' id='word_1_420' title='bbox 1168 4900 1260 4959; x_wconf 88' lang='lat' dir='ltr'>supra</span> <span class='ocrx_word' id='word_1_421' title='bbox 1293 4883 1449 4956; x_wconf 88' lang='lat' dir='ltr'>probatum</span> <span class='ocrx_word' id='word_1_422' title='bbox 1482 4887 1527 4939; x_wconf 87' lang='lat' dir='ltr'>est</span> <span class='ocrx_word' id='word_1_423' title='bbox 1560 4879 1607 4955; x_wconf 93' lang='lat' dir='ltr'>(p.</span> <span class='ocrx_word' id='word_1_424' title='bbox 1632 4877 1712 4950; x_wconf 71' lang='lat' dir='ltr'>att).</span> 
     </span>
     <span class='ocr_line' id='line_1_42' title="bbox 379 4979 1714 5067; baseline -0.009 -20"><span class='ocrx_word' id='word_1_425' title='bbox 379 4989 423 5047; x_wconf 89' lang='lat' dir='ltr'>ita</span> <span class='ocrx_word' id='word_1_426' title='bbox 444 4991 637 5067; x_wconf 89' lang='lat' dir='ltr'>municipium</span> <span class='ocrx_word' id='word_1_427' title='bbox 659 4989 836 5062; x_wconf 87' lang='lat' dir='ltr'>Muzueuse,</span> <span class='ocrx_word' id='word_1_428' title='bbox 864 4988 944 5066; x_wconf 90' lang='lat' dir='ltr'>quod</span> <span class='ocrx_word' id='word_1_429' title='bbox 968 4994 1031 5046; x_wconf 89' lang='lat' dir='ltr'>erat</span> <span class='ocrx_word' id='word_1_430' title='bbox 1052 4986 1090 5043; x_wconf 89' lang='lat' dir='ltr'>ad</span> <span class='ocrx_word' id='word_1_431' title='bbox 1112 4985 1307 5043; x_wconf 88' lang='lat' dir='ltr'>confluentem</span> <span class='ocrx_word' id='word_1_432' title='bbox 1335 4984 1493 5042; x_wconf 85' lang='lat' dir='ltr'>fluviorum</span> <span class='ocrx_word' id='word_1_433' title='bbox 1516 4981 1596 5040; x_wconf 73' lang='lat' dir='ltr'>wad</span> <span class='ocrx_word' id='word_1_434' title='bbox 1619 4979 1714 5039; x_wconf 76' lang='lat' dir='ltr'>Marus</span> 
     </span>
     <span class='ocr_line' id='line_1_43' title="bbox 380 5083 1710 5170; baseline -0.009 -21"><span class='ocrx_word' id='word_1_435' title='bbox 380 5098 411 5149; x_wconf 86' lang='lat' dir='ltr'>et</span> <span class='ocrx_word' id='word_1_436' title='bbox 434 5091 510 5149; x_wconf 70' lang='lat' dir='ltr'>de</span> <span class='ocrx_word' id='word_1_437' title='bbox 537 5092 638 5170; x_wconf 87' lang='lat' dir='ltr'>Bargu</span> <span class='ocrx_word' id='word_1_438' title='bbox 666 5101 756 5169; x_wconf 87' lang='lat' dir='ltr'>atque</span> <span class='ocrx_word' id='word_1_439' title='bbox 783 5113 802 5150; x_wconf 90' lang='lat' dir='ltr'>a</span> <span class='ocrx_word' id='word_1_440' title='bbox 827 5091 922 5150; x_wconf 90' lang='lat' dir='ltr'>Zama</span> <span class='ocrx_word' id='word_1_441' title='bbox 950 5109 1005 5148; x_wconf 85' lang='lat' dir='ltr'>sex</span> <span class='ocrx_word' id='word_1_442' title='bbox 1032 5089 1093 5146; x_wconf 82' lang='lat' dir='ltr'>fere</span> <span class='ocrx_word' id='word_1_443' title='bbox 1124 5087 1253 5144; x_wconf 91' lang='lat' dir='ltr'>cbiliom.</span> <span class='ocrx_word' id='word_1_444' title='bbox 1288 5086 1420 5143; x_wconf 89' lang='lat' dir='ltr'>distabat</span> <span class='ocrx_word' id='word_1_445' title='bbox 1452 5087 1528 5142; x_wconf 88' lang='lat' dir='ltr'>iuter</span> <span class='ocrx_word' id='word_1_446' title='bbox 1562 5083 1710 5141; x_wconf 77' lang='lat' dir='ltr'>meridiem</span> 
     </span>
     <span class='ocr_line' id='line_1_44' title="bbox 380 5183 1711 5273; baseline -0.011 -19"><span class='ocrx_word' id='word_1_447' title='bbox 380 5205 409 5254; x_wconf 87' lang='lat' dir='ltr'>et</span> <span class='ocrx_word' id='word_1_448' title='bbox 431 5195 590 5269; x_wconf 88' lang='lat' dir='ltr'>orientem,</span> <span class='ocrx_word' id='word_1_449' title='bbox 617 5195 653 5254; x_wconf 90' lang='lat' dir='ltr'>ad</span> <span class='ocrx_word' id='word_1_450' title='bbox 678 5195 862 5273; x_wconf 82' lang='lat' dir='ltr'>provIuciam</span> <span class='ocrx_word' id='word_1_451' title='bbox 888 5191 1134 5272; x_wconf 87' lang='lat' dir='ltr'>proconsularem</span> <span class='ocrx_word' id='word_1_452' title='bbox 1162 5189 1340 5266; x_wconf 85' lang='lat' dir='ltr'>pertinuIsse</span> <span class='ocrx_word' id='word_1_453' title='bbox 1366 5187 1445 5247; x_wconf 80' lang='lat' dir='ltr'>infra</span> <span class='ocrx_word' id='word_1_454' title='bbox 1471 5185 1514 5263; x_wconf 90' lang='lat' dir='ltr'>(p.</span> <span class='ocrx_word' id='word_1_455' title='bbox 1531 5183 1609 5262; x_wconf 72' lang='lat'>282)</span> <span class='ocrx_word' id='word_1_456' title='bbox 1638 5185 1711 5242; x_wconf 82' lang='lat' dir='ltr'>ride-</span> 
     </span>
    </p>
   </div>
   <div class='ocr_carea' id='block_1_11' title="bbox 0 0 1765 5928">
    <p class='ocr_par' dir='ltr' id='par_1_11' title="bbox 0 0 1765 5928">
     <span class='ocr_line' id='line_1_45' title="bbox 0 0 1765 5928; baseline 0 0"><span class='ocrx_word' id='word_1_457' title='bbox 0 0 1765 5928; x_wconf 95' lang='lat' dir='ltr'> </span> 
     </span>
    </p>
   </div>
  </div>
 </body>
</html>
