3574 5942
443 465 1045 522 oasnnvsrrounsnereaarmcau.
1342 430 1413 511 143

103 641 194 702 militia
213 659 269 700 non
293 641 419 700 solvitur
441 641 499 700 nisi
520 642 679 712 missione,
707 641 793 700 miles
814 640 912 700 iactus
934 637 1139 698 coniuratione
1161 635 1286 694 solvitur
1308 634 1416 692 militia

102 744 157 821 ipso
180 744 240 802 iure
265 743 394 802 tumultu
415 743 509 802 finito.
554 743 652 802 lussis
675 741 804 801 militare
828 742 875 800 his
898 747 1090 818 opponuntur
1110 740 1163 814 qui
1188 756 1272 796 arma
1293 736 1416 811 capiunt

101 845 195 922 rogati,
221 846 336 906 seilicet
356 847 387 905 in
409 845 518 904 subitis
540 844 682 922 periculis
705 843 756 920 qui
778 855 952 915 evocantur,
982 842 1011 900 id
1034 851 1080 900 est
1101 842 1139 899 ad
1166 858 1250 900 arma
1270 844 1415 897 vocantur

101 966 116 1004 a
133 949 188 1006 cive
207 947 252 1006 eui
275 947 394 1005 animus
415 955 460 1006 est
481 953 511 1004 et
532 945 734 1022 auctoritem)
759 946 857 1005 verbis
878 940 939 1021 ‘qui
962 965 1024 1002 rem
1044 943 1193 1021 publicam
1214 942 1330 1002 salvam
1346 957 1415 998 esse

100 1049 178 1108 uelint
196 1067 227 1107 se
248 1043 430 1124 sequantur'.
467 1047 553 1106 Haec
575 1047 769 1107 fundamenta
789 1057 822 1107 ut
843 1066 896 1122 per
916 1047 1057 1105 universa
1078 1045 1189 1104 liberae
1211 1044 1253 1100 rei
1276 1042 1413 1120 publicae

100 1159 216 1226 tempora
241 1149 441 1226 aequabiliter
465 1157 655 1221 manserunt,
688 1149 730 1206 ita
756 1149 862 1207 militia
888 1157 1006 1224 rogata,
1040 1147 1112 1206 olim
1145 1145 1280 1223 angustis
1305 1143 1413 1202 finibus

99 1251 303 1327 circumscripta
329 1259 359 1310 et
384 1250 548 1326 aliquando
574 1251 704 1310 sortasse
734 1268 794 1310 non
821 1249 955 1308 admissa
982 1249 1040 1307 uisi
1066 1257 1200 1306 extrema
1227 1246 1413 1316 necessitate,

99 1355 245 1430 posteriore
267 1361 402 1430 tempore
424 1372 461 1412 eo
482 1354 672 1429 potissimum
695 1353 798 1424 crevit,
820 1351 899 1428 quod
922 1357 1084 1427 coeperunt
1105 1351 1194 1408 duces
1218 1367 1277 1408 non
1297 1357 1357 1406 tam
1373 1367 1412 1406 ex

98 1473 174 1512 causa
193 1455 322 1532 publica,
344 1473 433 1530 quam
457 1455 574 1530 privato
596 1454 715 1514 nornine
737 1455 775 1512 ad
799 1453 935 1512 militiam
959 1452 1096 1522 invitare,
1120 1460 1152 1509 ut
1173 1451 1262 1510 modo
1278 1450 1412 1509 nomina-

98 1557 138 1614 tim
158 1556 266 1616 amicos
286 1565 318 1616 et
339 1557 526 1616 necessarios
548 1555 776 1634 compellarent,
808 1556 896 1613 modo
918 1573 972 1630 per
993 1554 1121 1612 edictum
1149 1561 1230 1612 certa
1257 1553 1411 1610 hominum

96 1675 202 1734 genera,
223 1659 355 1717 maxime
377 1659 429 1734 qui
452 1657 532 1736 apud
554 1674 586 1716 ee
609 1657 739 1716 aliumve
762 1656 818 1715 sibi
840 1656 1030 1715 coniunctum
1052 1655 1156 1714 ducem
1179 1664 1268 1714 antea
1289 1655 1412 1713 meruis-

96 1769 160 1830 sent,
179 1759 216 1817 ad
238 1759 376 1820 militiam
399 1759 600 1835 recipiendam
624 1768 772 1818 vocarent.
809 1758 858 1816 Ex
881 1777 917 1817 eo
939 1775 1047 1834 genere
1069 1756 1195 1816 militum
1219 1766 1250 1815 ut
1264 1771 1318 1834 per
1333 1757 1413 1815 bella

95 1861 181 1920 civilia
200 1879 311 1938 magna
332 1881 371 1920 ex
393 1871 478 1937 parte
500 1861 650 1920 exercitus
671 1861 802 1919 omnium
825 1861 953 1937 partium
977 1859 1130 1918 constituti
1153 1866 1237 1932 sunt,
1262 1859 1306 1916 ita
1331 1859 1410 1936 prin-

95 1963 178 2037 cipatu
199 1963 337 2022 instituto
360 1963 508 2023 eiusmodi
530 1963 720 2022 evocationes
742 1963 947 2021 exoleverunt.
985 1961 1141 2021 Vetustam
1158 1961 1264 2038 legem,
1286 1978 1364 2036 quae
1381 1967 1412 2018 ut
1486 1993 1488 1998 ·

95 2063 118 2120 id
135 2065 211 2122 fieret
235 2065 404 2141 pericnlum
431 2065 584 2141 publicum
612 2064 816 2124 tantummodo
843 2062 1029 2140 requirebat,
1057 2082 1121 2121 cum
1149 2063 1216 2138 ipsa
1239 2063 1336 2121 libera
1362 2079 1410 2120 res

94 2165 196 2240 publica
214 2166 437 2242 quodammodo
460 2165 646 2238 sustulisset,
673 2166 779 2225 militia
800 2167 918 2242 privato
940 2173 1064 2242 rogante
1086 2172 1225 2240 suscepta
1252 2164 1307 2222 sub
1329 2163 1411 2240 prin-

93 2268 176 2344 cipatu
198 2269 283 2328 nullo
312 2270 402 2327 modo
433 2287 554 2328 manere
582 2268 695 2345 potuit;
728 2267 843 2326 scilicet
875 2267 926 2342 qui
958 2286 1024 2326 enm
1052 2266 1189 2326 fundavit
1215 2265 1270 2325 etsi
1297 2266 1410 2342 primas

93 2367 216 2446 legiones,
237 2371 350 2446 quibus
372 2369 549 2448 praefuerat,
571 2369 630 2428 hoc
650 2369 717 2446 ipso
740 2370 828 2446 quasi
846 2369 910 2427 iure
925 2368 1059 2445 privatus
1075 2377 1263 2444 compararat
1277 2367 1409 2426 evocatis

92 2471 221 2530 veteranis
242 2472 390 2549 paternis,
411 2471 560 2532 eominus
582 2471 752 2549 permittere
771 2471 869 2547 potuit
890 2470 921 2528 id
942 2471 1041 2547 ipsum
1065 2470 1116 2528 alii
1132 2479 1164 2530 ut
1178 2469 1316 2532 iacerent.
1350 2467 1410 2526 Po·

92 2571 135 2630 tuit
154 2591 222 2632 sane
243 2573 388 2651 princeps
411 2574 490 2632 cives
513 2583 546 2634 ut
566 2575 668 2632 iubere
690 2572 831 2644 militare,
859 2573 902 2630 ita
928 2590 1047 2648 rogare,
1076 2578 1106 2630 et
1127 2591 1195 2630 vere
1222 2572 1411 2648 reperiuntur

91 2673 138 2732 dno
156 2676 249 2734 triave
271 2675 415 2752 exempla
435 2675 643 2735 invitationum
666 2674 729 2733 eius
751 2677 869 2750 generis
893 2674 930 2731 ad
948 2672 1057 2732 milites
1080 2673 1131 2748 qui
1154 2672 1282 2732 fuissent
1296 2691 1314 2730 a
1328 2673 1409 2748 prin-

89 2777 143 2853 cipe
171 2775 408 2852 dmeetarnmt).
458 2775 519 2837 Sed
551 2777 706 2836 rarissime
738 2775 768 2832 id
800 2775 910 2834 factum
945 2784 992 2834 est
1023 2794 1090 2834 eum
1123 2776 1161 2834 ob
1195 2775 1269 2834 alias
1302 2792 1409 2833 causas

90 2887 139 2935 mm
157 2879 284 2938 fortasse
307 2879 388 2955 quod
410 2878 573 2937 secundum
596 2878 749 2954 antiquam
770 2877 1014 2937 consuetudinem
1037 2877 1154 2936 evocati
1177 2877 1219 2936 ita
1240 2877 1278 2934 ad
1294 2886 1406 2935 certum

89 2997 181 3056 eorpus
201 2980 297 3058 redigi
321 2999 381 3039 uon
404 2989 565 3058 potnerunt
585 2997 681 3057 neque
703 2979 835 3057 legiones
858 2979 1035 3038 cohortesve
1056 2999 1111 3057 per
1124 2979 1328 3038 evocationem
1344 2978 1406 3036 ullo

135 3195 157 3261 ¹)
173 3199 343 3264 Magistratus
363 3205 391 3249 ut
410 3199 442 3249 ait
461 3199 516 3250 iure
536 3213 589 3252 non
612 3199 762 3264 requiritur,
789 3199 869 3249 immo
887 3197 1050 3264 magistratus
1073 3197 1117 3250 ubi
1137 3197 1254 3248 similiter
1277 3198 1310 3248 ad
1334 3211 1407 3247 arma

89 3295 154 3349 uocat
172 3291 325 3356 plerumque
343 3290 489 3341 evocationi
508 3290 670 3341 substituitur
689 3291 819 3342 tumultus.
857 3291 922 3341 Inde
941 3292 1052 3341 maxime
1071 3291 1178 3356 pendet,
1198 3290 1267 3355 quod
1286 3295 1406 3339 evocatus

87 3378 165 3431 dieitur
181 3397 232 3433 non
251 3383 331 3434 miles
349 3397 419 3444 ease,
444 3382 490 3432 sed
509 3397 556 3447 pro
576 3383 667 3432 milite.
704 3383 736 3432 ln
755 3383 864 3447 pristina
882 3385 1032 3434 evocatione
1051 3383 1228 3433 iusiurandum
1249 3382 1346 3432 nullum
1365 3397 1405 3430 re-

89 3473 142 3534 quiri
163 3489 194 3524 eu
218 3475 260 3526 bis
287 3475 433 3540 colligitur3
464 3489 495 3524 eo
518 3489 619 3540 quoque
644 3475 749 3524 nomine
772 3476 871 3524 evocati
896 3489 911 3525 a
934 3476 1044 3525 militare
1068 3475 1144 3524 iussis
1169 3473 1305 3536 differunt,
1336 3473 1404 3538 qnod

88 3563 168 3614 rubum
186 3567 217 3616 iis
236 3567 279 3616 ins
299 3573 339 3616 est
364 3566 393 3616 in
416 3567 573 3631 stipendium
597 3573 694 3616 certum
719 3581 802 3631 neque
826 3567 854 3616 in
878 3567 979 3631 legione
1003 3568 1043 3616 vel
1068 3566 1173 3616 cohorte
1196 3567 1284 3630 aliqua
1306 3573 1406 3614 merent

87 3667 154 3720 neque
172 3664 254 3708 certos
274 3659 356 3709 duces
374 3657 480 3708 habent.
512 3657 675 3723 Stipendium
695 3664 781 3708 tamen
801 3664 874 3708 extra
887 3659 1006 3708 ordinem
1020 3659 1076 3707 sine
1089 3658 1167 3707 dubio
1181 3672 1283 3722 semper
1301 3671 1404 3720 accepe-

86 3755 132 3795 rant
147 3747 222 3814 idque
241 3763 324 3816 saepe
342 3758 454 3812 aucmm,
474 3764 557 3816 neque
573 3750 742 3814 improbabile
756 3751 833 3800 etiam
847 3750 1022 3800 iusiurandum
1039 3751 1071 3800 ab
1085 3751 1117 3800 iis
1131 3749 1271 3816 aliquando
1284 3755 1402 3798 exactum

85 3850 129 3886 aaa
146 3840 248 3892 iubente
269 3844 310 3892 ita
327 3843 493 3908 imperatore.

129 3927 150 3992 ²)
169 3934 198 3983 ln
218 3934 340 3985 exercitu
357 3933 458 3986 Tiberii
478 3949 501 3986 a.
517 3933 569 3985 759
590 3933 657 3984 bello
677 3933 814 3985 Pannonio
834 3940 982 3984 meruerunt
1000 3933 1076 3998 plura
1100 3949 1176 3999 quarn
1196 3934 1285 3986 decem
1305 3939 1403 3984 astera·

85 4035 159 4073 aorum
176 4027 257 4089 milia,
278 4025 375 4092 quibua
394 4041 451 4078 cum
470 4033 635 4093 opponantur
653 4033 679 4076 et
697 4027 812 4091 legiones
831 4027 887 4076 alae
906 4026 1026 4076 cobortes
1044 4033 1069 4075 et
1086 4026 1234 4088 voluntarii,
1253 4026 1308 4076 eine
1324 4025 1403 4074 dubio

84 4113 247 4181 bebegmmr
265 4117 379 4168 evocati.
405 4142 440 4154 —
465 4118 588 4169 Claudius
608 4118 678 4183 quod
704 4117 738 4167 ad
761 4117 857 4168 bellum
875 4117 1054 4168 Britannicum
1078 4125 1161 4168 certos
1184 4119 1253 4169 viros
1277 4119 1401 4178 evocarit,

83 4213 103 4252 u
119 4208 239 4260 tribunum
257 4209 374 4260 militnm
387 4210 586 4261 Aventicensem
606 4211 683 4260 inser.
703 4209 778 4259 Helv.
795 4210 859 4271 179,
885 4211 994 4260 tortasse
1012 4209 1073 4260 iecit
1091 4210 1223 4261 aemulans
1248 4210 1345 4260 liberae
1364 4211 1402 4260 rei

83 4297 181 4360 publicae
199 4302 428 4354 consuetudinem.
449 4327 483 4338 -
507 4302 691 4352 Praetorianos
710 4301 845 4352 avitellio
864 4302 956 4352 missor
971 4303 1145 4366 Vespasianus
1165 4301 1283 4352 inritavit
1301 4301 1335 4351 ad
1354 4303 1402 4351 mi·

82 4388 148 4441 liliam
165 4393 366 4458 reciperandam
390 4393 505 4456 (Tacitus
523 4393 583 4445 hist.
603 4395 633 4456 2,
655 4393 700 4456 82)
726 4400 751 4443 et
769 4401 840 4443 extat
858 4393 947 4443 titulus
966 4393 1042 4444 nnius
1063 4408 1152 4444 eorum
1175 4394 1288 4444 urbanus
1308 4393 1337 4444 O.
1354 4394 1400 4456 VI,

82 4480 139 4533 liii
151 4481 201 4550 (egi
220 4486 254 4536 de
271 4501 307 4536 eo
317 4485 407 4536 Herm.
420 4487 454 4536 14
472 4501 499 4550 p.
509 4483 565 4550 32),
580 4486 624 4550 qui
637 4493 773 4550 postquam
785 4486 878 4536 missus
891 4493 929 4535 est
942 4485 1051 4536 honesta
1063 4487 1185 4536 missione
1198 4501 1231 4535 ex
1244 4485 1349 4536 cohorte
1360 4485 1402 4534 IX

81 4579 194 4634 praetoria
210 4575 372 4640 recedatur)
391 4585 429 4628 est
447 4575 479 4628 ob
497 4576 676 4644 imp(eratore).
698 4603 731 4614 -
753 4576 872 4642 Denique
890 4578 1011 4642 Lugduni
1022 4585 1094 4628 extat
1106 4578 1194 4628 titulus
1213 4577 1303 4640 (Orell.
1319 4576 1400 4638 3580)

80 4669 169 4718 euru
180 4670 287 4732 netuli,
308 4678 339 4720 ιιι
351 4675 421 4720 recte
433 4669 470 4720 ait
483 4668 642 4721 Schmidtias
661 4685 687 4734 p.
701 4669 765 4730 331,
782 4670 897 4718 veterani
909 4669 1018 4734 legionis
1030 4670 1122 4732 XXII,
1139 4670 1181 4734 qni
1196 4670 1285 4719 missus
1298 4667 1401 4719 boucam

80 4757 189 4820 ὠίου,
213 4763 315 4812 catria
334 4762 401 4812 iuter
419 4767 514 4812 ceteros
532 4768 711 4814 conveteroaos
735 4775 793 4810 euos
816 4761 942 4811 retemtas
966 4759 1029 4812 bello
1053 4759 1197 4826 intersectas
1215 4759 1285 4811 odiit.
1329 4762 1400 4811 liaeo

80 4851 153 4922 ‘noia
168 4851 202 4903 ad
219 4860 346 4904 evomtos
366 4853 478 4918 Augusti
497 4852 568 4904 nullo
587 4853 666 4904 modo
686 4853 814 4918 pertinere
833 4860 859 4902 et
877 4868 923 4918 per
946 4867 973 4903 se
997 4861 1070 4918 patet
1093 4861 1119 4903 et
1141 4853 1201 4904 inde
1224 4853 1399 4914 confirmatur,

82 4941 136 5002 qaod
151 4945 177 4994 iu
195 4945 272 4996 titulo
293 4945 374 4996 modo
395 4945 473 4996 citato
492 4945 591 4996 urbano
611 4946 740 4996 revocatio
758 4945 821 4995 baec
839 4945 866 4994 in
880 4951 964 4996 castra
976 4951 1001 4996 et
1014 4947 1130 4996 evocatio
1143 4946 1248 5011 proprie
1262 4945 1298 4996 sic
1312 4944 1399 5008 appel·

80 5029 122 5082 ht!
137 5049 184 5088 aaa
201 5039 374 5090 nominantur
393 5043 523 5102 nmquam
538 5037 666 5088 diversae.
686 5061 719 5074 -
739 5037 847 5088 Evocati
860 5036 961 5089 Galbae
975 5036 1057 5098 (Suet.
1071 5054 1093 5088 c.
1106 5037 1150 5098 10)
1163 5037 1203 5088 sui
1217 5043 1316 5088 tanturn
1329 5037 1399 5086 simi·

81 5123 109 5170 lu
124 5137 184 5177 aaut.
