3524 5932
68 505 119 552 ino
505 501 734 552 nvounnivn.
779 501 935 550 nenn1n.
1313 477 1385 546 595

71 605 169 614 ὴ--
457 603 974 612 ..-.—-———-—-———--—-·—n
984 601 1259 608 -.--..-—-.--·-—---—--
1284 599 1383 606 u-—z

99 675 175 734 luter
199 676 238 732 10
253 677 303 734 fin.
327 685 356 734 et
382 677 415 733 11
445 677 582 735 videntur
603 693 692 734 erasa
714 693 779 734 esse
801 675 894 733 verba
915 687 1317 732 uicin10·n·r·1nv·nvo.
1349 704 1386 714 -

67 780 94 836 ll
115 807 128 834 a
149 791 273 836 monnau
294 779 508 856 interpretatur
523 778 664 856 Ramaay.
682 811 720 820 -
741 777 926 837 Maximinus
947 794 1127 853 quamquam
1148 793 1174 833 a.
1191 773 1310 832 demum
1326 773 1386 833 308

66 884 208 957 Augustus
240 883 339 941 factus
372 889 432 952 est,
465 900 532 940 cum
561 880 781 941 Constantinus
808 881 963 957 Augustus
999 888 1114 937 creatus
1149 887 1231 935 essct
1261 897 1288 935 a.
1317 875 1387 948 306,

65 983 186 1041 Licinius
209 1003 236 1041 a.
253 984 324 1056 307,
352 985 545 1043 nihilominus
574 995 603 1043 et
629 986 660 1042 in
682 984 739 1041 hoc
766 983 853 1040 titulo
880 983 1008 1059 primum
1036 981 1134 1039 locum
1163 981 1275 1038 obtinet
1302 987 1331 1036 ct
1358 979 1387 1036 in

66 1086 147 1144 altero
169 1084 283 1144 Norico
306 1086 339 1145 Ο.
358 1087 414 1158 ΙΙΙ,
439 1087 534 1159 5565;
558 1087 672 1144 scilicet
694 1105 720 1143 a.
737 1087 854 1143 demum
877 1084 936 1142 312
960 1093 1084 1152 senatus,
1108 1090 1139 1140 ut
1162 1083 1202 1140 ait
1225 1087 1329 1140 auctor
1352 1081 1388 1138 de

66 1199 141 1246 mort.
164 1207 277 1263 perseo.
301 1209 325 1247 c.
339 1191 389 1260 44,
416 1191 599 1249 Constantino
622 1193 732 1248 uirtutis
753 1193 852 1264 qratia
870 1190 961 1263 princi
982 1189 1100 1244 nominis
1124 1187 1236 1243 titulum
1257 1185 1388 1254 decreuit,

67 1309 135 1365 quem
156 1292 209 1348 uiti
224 1291 401 1350 Muciminua
423 1293 595 1352 vindicabat.
633 1292 681 1350 Ad
704 1292 734 1349 id
757 1298 877 1349 senatus
900 1288 1070 1348 consultum
1092 1288 1221 1346 formata
1243 1295 1313 1346 sunt
1335 1287 1387 1345 mi·

67 1393 141 1450 liaris
162 1393 269 1452 Italiae
292 1395 456 1470 superioris
480 1393 514 1452 (l.
529 1395 563 1466 V,
588 1393 702 1453 suma.
727 1393 817 1452 8060.
842 1391 938 1462 89633
970 1392 1084 1450 scilicet
1106 1391 1146 1448 ibi
1170 1388 1388 1449 Constantinus

67 1497 167 1570 primus
190 1505 250 1567 est,
280 1497 463 1555 Maximinus
487 1497 650 1566 sccundus,
678 1497 784 1553 tertius
807 1495 951 1553 Licinius.
985 1527 1025 1536 —
1062 1491 1160 1570 Caput
1187 1494 1252 1551 viae
1281 1493 1307 1550 si
1334 1491 1391 1550 tuit

68 1597 208 1656 Laodicea
229 1598 396 1676 Phrygiae,
426 1606 459 1657 ut
485 1599 598 1656 iudicat
620 1598 764 1676 Ramsay,
792 1598 875 1655 Elles
903 1596 1000 1656 vicum
1024 1597 1157 1672 sequitur
1184 1595 1294 1654 finibus
1322 1613 1388 1672 pro·

68 1701 170 1759 vinciae
197 1701 288 1758 Asiae
322 1701 570 1778 comprehensum
604 1701 698 1759 luisse
730 1711 760 1759 et
792 1702 889 1758 lacuni
916 1699 1029 1758 Buldur
1062 1718 1126 1757 eum
1156 1699 1338 1775 provinciam
1372 1717 1391 1757 a

69 1803 173 1861 Pisidia
194 1820 361 1880 separasse.

197 2185 538 2246 rnsrnvnnuuvn
561 2185 841 2247 nounsmcvn
865 2185 990 2248 nstin
1014 2187 1121 2264 (supra
1142 2208 1171 2265 p.
1188 2187 1252 2264 oo).

70 2378 148 2438 1405
176 2382 230 2439 sub
253 2381 377 2440 vasculo
399 2390 534 2439 cretaceo
556 2401 618 2457 rep.
642 2383 717 2459 Pagi
740 2383 777 2441 ad
802 2371 970 2460 Smyrnam.

653 2540 797 2596 ortana

654 2673 795 2717 cunoni

70 2812 144 2872 llisit
164 2813 376 2893 Papadopulos
399 2814 568 2875 Kerameus
592 2837 619 2875 a.
635 2815 723 2875 1884.

594 3905 858 3980 AOHAlA.

506 4167 645 4229 DELVS
667 4171 766 4229 insula
787 4169 828 4245 (v.
845 4189 873 4246 p.
888 4168 951 4246 66).

108 4365 250 4446 Egregius
279 4387 368 4444 quem
394 4386 490 4444 nuper
512 4367 690 4428 Theodorus
713 4368 855 4427 Homolle
880 4368 973 4427 edidit
999 4368 1229 4428 commentarius
1257 4369 1294 4427 de
1316 4368 1395 4429 Delo

71 4465 196 4528 Romana
228 4471 286 4545 (lea
311 4470 451 4530 Romaion
478 4473 496 4528 d
522 4471 632 4529 Delos.-
664 4469 745 4530 Ball.
776 4472 810 4529 de
838 4491 910 4530 corr.
940 4471 1109 4547 Helldniquo
1142 4470 1235 4529 vol.8
1263 4489 1290 4528 a.
1315 4471 1395 4531 1884

72 4587 96 4642 p.
112 4571 271 4648 75-158)
304 4572 421 4630 insulae
448 4573 668 4644 condicionem,
702 4592 763 4648 qua
791 4574 917 4651 septimo
945 4575 1134 4651 potissimum
1163 4573 1245 4632 urbis
1273 4573 1395 4633 saeculo

72 4671 134 4742 luit,
160 4685 187 4732 et
214 4675 387 4732 universum
414 4694 511 4733 rerum
534 4674 738 4734 Romanarum
765 4676 797 4733 in
824 4673 870 4732 his
896 4677 1031 4753 partibus
1058 4684 1168 4734 statum
1197 4675 1279 4734 clara
1304 4695 1396 4735 nova·

72 4791 121 4846 que
142 4775 205 4835 luce
226 4776 400 4835 illustravit.
446 4775 512 4836 Nos
535 4785 634 4835 autem
658 4778 731 4835 artis
754 4778 863 4836 finibus
885 4776 994 4836 Latine
1017 4778 1197 4855 scriptorum
1223 4795 1396 4839 monumen·

72 4891 159 4935 mrum
182 4878 417 4957 colligendorum
440 4879 573 4937 adstricti
595 4898 631 4938 eo
653 4879 752 4937 officio
776 4881 818 4938 ita
839 4880 1043 4957 defungimur,
1073 4889 1106 4937 ut
1130 4881 1183 4956 qui
1209 4881 1306 4956 ipsam
1332 4901 1396 4941 rom

72 4987 142 5038 recte
164 4990 193 5039 et
214 4981 303 5056 plene
324 4998 448 5040 noscere
471 4981 582 5058 cupiat,
614 5001 681 5040 eum
704 4981 740 5039 ad
762 4981 957 5040 Homulliana
983 4983 1162 5059 ablegemus.
1210 4983 1280 5042 Hoc
1305 5003 1397 5044 unum

73 5079 223 5141 dolendum
246 5091 301 5155 est,
323 5083 404 5159 quod
427 5103 465 5141 ex
488 5091 572 5141 tanta
588 5084 675 5159 copia
689 5093 957 5155 monumentorum,
978 5095 1118 5162 quantam
1136 5083 1292 5146 Gallorum
1307 5086 1397 5149 effos-

73 5181 163 5243 siones
188 5183 331 5246 Deliacac
351 5185 556 5265 prodiderunt,
579 5187 658 5244 bona
679 5203 748 5262 pars
772 5185 869 5246 adhuc
892 5188 921 5244 iu
944 5187 1061 5246 schedis
1085 5187 1243 5247 delitescit.
