3524 5932
514 499 744 552 AVO'IARIVM.
792 497 890 548 ASIA.

579 691 612 733 bb
635 690 681 732 NN
703 689 843 731 ΑΓΑΘΗΤΥ

440 760 512 820 lure
537 773 730 817 eroctermrsr

702 859 730 900 ω
750 857 877 900 niweton
900 857 965 898 stou

440 945 482 987 er
515 943 722 986 unxturnnr

290 1052 301 1092 s
466 1046 624 1091 ruurcr
718 1042 933 1086 erronearum

345 1149 431 1193 rore
453 1149 484 1190 er
717 1148 742 1188 n
765 1146 820 1188 ere
844 1141 1023 1189 {torruerint
1067 1145 1121 1185 esa

344 1245 488 1298 tnuscrn
542 1202 601 1245 ¹³⁰²
720 1247 952 1291 anunneorsra

254 1393 257 1400 .
344 1353 428 1397 rosc
450 1355 496 1396 κΛι
723 1349 954 1394 resonoserruot

344 1455 443 1500 cneuc
466 1446 612 1500 tenores
740 1506 848 1550 Home

277 1561 304 1602 to
381 1573 399 1602 ν
544 1557 590 1600 ΟΝ

366 1658 560 1740 xnrrneorpu
580 1659 773 1703 unzrnmuo
818 1677 826 1717 1

734 1743 756 1783 u

402 1827 423 1869 rr
445 1826 678 1870 reeonouerronr
779 1738 861 1886 Μ

469 1928 583 1971 ssontc

53 2054 207 2132 Descripsit
220 2055 354 2131 Remscy
371 2054 519 2129 ediditque
540 2055 571 2111 in
592 2054 805 2112 commentario
828 2055 872 2114 tie
890 2059 967 2114 sities
983 2057 1043 2113 oud
1056 2055 1216 2131 bisboprics
1236 2058 1270 2132 os
1280 2055 1374 2132 Pbry-

52 2163 93 2233 9s'o
112 2159 269 2235 (repented
281 2160 362 2232 from
384 2158 428 2217 tlte
449 2157 576 2216 Journal
598 2158 632 2232 os
648 2156 780 2216 Helleuic
801 2159 907 2217 studies
931 2178 957 2217 a.
973 2157 1066 2233 1883)
1090 2175 1118 2232 p.
1136 2156 1185 2215 61.

85 2261 242 2338 Inscriptio
264 2259 408 2339 primaria
432 2257 626 2336 (quamquam
649 2259 723 2318 haec
745 2267 774 2317 et
795 2260 863 2337 ipsa
882 2260 980 2319 incisa
1001 2260 1118 2318 videtur
1140 2277 1229 2336 super
1256 2259 1374 2318 titulum

53 2363 124 2421 cuius
144 2363 287 2439 reliquiae
309 2381 328 2420 a
349 2361 456 2420 dextra
477 2360 653 2438 supersunt)
682 2361 756 2420 hoec
778 2361 849 2420 tuit:
882 2356 1009 2440 Ἀγαθῇ
1034 2352 1137 2438 reim.
1185 2361 1249 2438 Tin
1275 2355 1374 2436 αἰωνίῳ

54 2455 221 2548 αὐτοκράτορι
243 2469 282 2523 Μ.
305 2460 374 2544 Αὐρ.
398 2455 514 2545 [Κᾶρῳ]
536 2460 554 2534 ἧ
576 2455 763 2545 λαμπροτάτη
784 2455 988 2546 Ἱεροπολεῖτων
1010 2456 1108 2530 πόλις,
1137 2465 1185 2523 ubi
1213 2483 1284 2522 mox
1306 2464 1375 2523 sub·

54 2567 105 2624 lato
125 2568 244 2626 nomine
267 2576 318 2625 eut
333 2565 404 2626 Ceri
428 2577 480 2624 eut
501 2565 541 2641 (si
564 2566 683 2640 quidem
705 2585 775 2624 vere
797 2567 827 2623 in
850 2565 951 2640 lapide
967 2573 1023 2638 est,
1046 2572 1079 2624 ut
1093 2584 1159 2625 esse
1176 2567 1217 2624 ait
1232 2566 1375 2642 Ramsey‚

53 2670 121 2728 linea
147 2673 172 2678 “
193 2680 265 2746 post
286 2669 358 2745 ΑΥΡ)
385 2668 477 2727 Probi
508 2668 700 2726 substitutum
729 2675 774 2726 est
795 2667 993 2740 Diocletiani,
1024 2675 1056 2726 ut
1084 2669 1125 2726 M.
1148 2669 1263 2727 Aurelii
1290 2686 1377 2746 prae-

53 2773 160 2830 nomina
181 2780 371 2830 remanerent
397 2789 452 2828 uec
478 2770 730 2828 substituerentur
757 2789 829 2828 vera
851 2769 1033 2828 Diocletiani
1062 2767 1096 2829 O.
1117 2770 1233 2828 Aurelii
1253 2769 1375 2828 Valerii.

52 2874 146 2932 Eidem
168 2873 324 2931 columnae
347 2872 453 2930 deinde
476 2873 552 2931 alter
574 2872 678 2931 titulus
702 2873 867 2949 inscriptus
890 2879 937 2929 cst
961 2872 1024 2930 hic:
1053 2873 1100 2929 de.
1122 2892 1170 2930 nu.
1193 2876 1281 2948 impp.
1304 2872 1376 2930 Dio-

52 2976 155 3034 cletiani
175 2987 201 3034 et
214 2975 391 3032 Macimioni
410 2974 605 3051 inuict(orunt)
624 2974 862 3050 Au9(ustortnn):
886 2967 953 3034 roric
967 2965 1214 3050 ἐπιφανεστάτοις
1229 2964 1378 3055 Kairnpus

53 3079 115 3136 tte.
137 3081 228 3136 Ουαλ.
254 3065 483 3156 [licentiusque
505 3065 552 3134 uui
574 3081 645 3134 Γαλ.
670 3077 714 3152 (in
737 3076 838 3152 lepide
859 3094 926 3134 esse
947 3092 1012 3150 rur,
1035 3094 1094 3134 non
1117 3075 1197 3152 quod
1218 3075 1379 3152 requiritur

51 3193 101 3237 ΓΑΔ
122 3179 244 3238 adnotat
255 3178 401 3255 Ramsay)
418 3173 508 3236 Οὖαλ.
521 3173 703 3259 Μαξιμιανδν
725 3176 739 3249 ἦ
760 3173 961 3263 Ἱεροποκεῖτων
984 3169 1068 3240 πὲλις
1090 3173 1252 3255 μι’(λια)...,
1274 3175 1377 3236 eadem

52 3282 219 3342 confusione
245 3281 411 3361 linguarum
438 3299 636 3357 casuumque,
667 3283 948 3358 quae-observatur
973 3300 1001 3338 n.
1022 3281 1110 3340 1399.
1164 3279 1304 3340 Notabile
1331 3285 1378 3338 est

51 3383 77 3438 in
101 3384 155 3442 boc
181 3383 267 3442 titulo
293 3384 325 3441 iu
353 3382 476 3443 Oriente
501 3391 621 3460 reperto
648 3381 818 3442 Constantii
846 3403 954 3442 nomen
983 3402 1102 3442 erasum
1130 3401 1211 3456 esse,
1241 3381 1377 3442 relictum

53 3482 158 3544 Galerii
166 3507 175 3558 ;
198 3486 230 3544 id
251 3487 332 3563 qood
354 3487 385 3544 in
408 3484 573 3546 Occidente
593 3487 623 3543 in
646 3485 827 3545 contrarium
851 3486 984 3545 vertitur.

52 3719 136 3780 1402
163 3722 304 3781 columns
329 3741 450 3801 magns,
477 3723 644 3796 larascbli,
671 3724 723 3782 ubi
750 3724 808 3782 luit
829 3723 946 3782 Tacina
973 3723 1115 3799 (conferri
1140 3723 1223 3780 iubet
1243 3720 1380 3796 Remsay

88 3824 180 3883 locum
203 3843 305 3904 geogr.
329 3825 404 3884 Rev.
428 3845 457 3903 p.
477 3825 545 3898 106,
568 3827 597 3899 4,
621 3827 669 3884 ubi
693 3836 738 3885 est
758 3826 879 3902 Topica,
903 3837 932 3883 et
954 3824 1057 3883 titulos
1074 3822 1108 3884 O.
1123 3825 1148 3882 Ι.
1165 3821 1220 3882 Gr.
1237 3822 1381 3882 3956uc

87 3945 151 3986 cum
176 3928 244 3986 edd.
267 3926 424 4004 plico),
445 3929 502 4004 flue
528 3929 608 3987 miles
631 3927 723 3988 N.W.
742 3929 821 4002 frons
843 3929 941 3987 Decor
967 3929 1027 3985 and
1055 3925 1229 3998 Yast'lclceui,
1257 3935 1288 3984 ct
1312 3933 1382 3983 west

88 4031 140 4086 sud
159 4031 193 4105 os
207 4029 362 4088 Bouldour
385 4028 459 4088 lake.

590 4132 621 4172 m'
644 4131 747 4182 aquillius
767 4131 835 4180 m’s.

682 4212 744 4256 COS

643 4297 779 4341 ccxxrtt

493 4380 601 4431 unetoc
628 4381 777 4424 ΑΚΥΛΛΙΟΕ
804 4379 928 4423 ΜΑΝΙΟΥ

405 4467 416 4506 t
572 4464 699 4507 onnroc
727 4462 854 4506 Pttunswv

681 4547 746 4589 {KP

53 4668 94 4728 W.
110 4671 150 4730 bl.
166 4671 300 4748 ansny
322 4679 352 4729 et
373 4671 412 4729 A.
428 4669 467 4728 H.
485 4667 582 4729 Smith
605 4680 802 4748 reppererunt
823 4671 1036 4747 miseruntque.

89 4773 162 4832 Viae
181 4774 305 4851 Epheso
327 4773 447 4832 Tralles
474 4781 578 4831 extant
605 4773 734 4830 miliaria
762 4773 834 4844 duo,
857 4773 884 4830 V
912 4772 1044 4848 (prv
1069 4793 1097 4830 n.
1117 4769 1189 4846 174)
1218 4778 1248 4828 et
1270 4767 1382 4828 XXIX

53 4871 165 4946 (0111,
187 4876 272 4952 479).
311 4875 359 4933 Ad
381 4876 515 4934 eiusdem
539 4875 790 4933 continuationem
814 4876 869 4933 boc
892 4875 1050 4932 miliarium
1073 4873 1225 4944 referrem,
1248 4871 1303 4930 nisi
1318 4890 1383 4930 mo·

52 4985 129 5033 neret
150 4976 313 5056 Kiepertus
342 4977 419 5034 viem
442 4977 565 5053 Epheso
596 4995 649 5054 per
676 4976 796 5034 Tralles
829 4987 859 5036 et
883 4976 1064 5035 Laodiceam
1092 4974 1130 5032 ad
1152 4973 1303 5032 Jarescbli
1329 4974 1383 5033 viu

53 5095 187 5154 superare
208 5080 347 5158 potuisse
369 5099 523 5138 numerum
546 5079 607 5137 mil.
625 5077 860 5138 CLXXXVIII.
888 5111 928 5120 -—
957 5077 1089 5154 Ramsay
1111 5077 1235 5136 adnotat
1261 5077 1383 5136 stetisse

53 5180 206 5240 miliarium
228 5181 259 5241 in
282 5182 362 5240 Asia
387 5182 543 5260 provincie
569 5189 719 5253 extreme3
752 5199 821 5239 nam
843 5179 988 5239 Tacinam
1015 5180 1159 5257 oppidum
1186 5198 1222 5238 ee
1249 5197 1381 5256 compre-
