3516 5930
351 519 423 590 518
784 537 1066 591 rumunnense
1093 537 1261 590 vonum
1536 542 1666 592 nse-run

349 711 431 771 1166
460 715 490 771 in
513 732 602 790 opere
626 713 780 772 tessellato
803 732 864 788 rep.
888 713 1037 771 Mousstir
1060 733 1205 772 unacum
1230 715 1395 790 superiore.

826 872 844 909 a
1176 855 1192 908 0

820 986 855 1034 -i-
1142 990 1234 1031 vic

779 1091 892 1132 erute
1140 1074 1234 1115 TOR

778 1193 893 1234 utcu
1141 1157 1235 1197 “¹'‘

1142 1241 1173 1280 rr
1197 1241 1233 1280 ιΝ

779 1295 892 1336 vrxrr
1141 1323 1234 1364 ΜΕ

779 1396 893 1438 ΑΝΝΗ
1139 1406 1233 1447 ΑΝΝΙ

780 1499 892 1540 xvrrr
1142 1489 1235 1531 sxxx

782 1600 894 1642 risu
1141 1574 1235 1615 ΡΜ

781 1702 892 1756 nerr

1141 1657 1161 1697 D
1181 1657 1234 1698 VHI

1140 1741 1157 1782 K
1189 1739 1232 1781 DE

781 1804 892 1845 ΕΒΙΤ
1141 1824 1234 1866 ΕΕΜ

781 1907 812 1947 ΙΝ
825 1907 893 1948 ΡΑΕΕ
1142 1907 1233 1949 HIER

781 2010 829 2049 dig
859 2009 893 2050 Vl
1142 1991 1173 2034 10
1197 1991 1233 2032 ET
1277 2009 1296 2038 ι.

1141 2077 1160 2116 Α
1183 2076 1234 2117 RT

1139 2159 1234 2200 Auvno

780 2111 893 2154 ktuvtt

781 2214 817 2255 AS
850 2215 892 2254 ΑΝ

781 2315 827 2359 ΝΟ
854 2317 895 2357 XX

780 2421 801 2460 V
823 2418 831 2459 Ι
855 2419 861 2460 Ι
886 2421 893 2460 Ι

352 2554 545 2632 Descriptum
573 2573 592 2610 a
618 2551 753 2609 Ferreux
780 2549 826 2607 ed.
842 2547 1003 2608 Villefnsse
1029 2552 1279 2626 sempter-sendus
1307 2552 1341 2609 de
1368 2549 1478 2610 l’aead.
1501 2551 1538 2610 X
1564 2570 1591 2609 s
1609 2547 1676 2608 1883

374 2657 468 2715 ,188

353 2678 371 2734 p
395 2779 414 2816 a
428 2760 466 2816 10
488 2773 553 2814 usur
576 2755 712 2827 traditur,
734 2773 809 2814 corr.
822 2754 924 2814 Vilief.
942 2787 980 2799 -
1000 2754 1037 2814 12
1050 2774 1133 2832 seqq.
1169 2753 1358 2833 Quamquam
1380 2757 1454 2815 duos
1469 2756 1578 2815 titulos
1593 2763 1678 2814 aetate

353 2879 411 2918 non
434 2861 523 2936 longe
546 2859 659 2917 disture
681 2867 816 2935 apparet,
839 2879 858 2917 a
879 2875 937 2934 quo
960 2859 1057 2935 eapite
1080 2860 1109 2916 iu
1132 2860 1231 2934 priore
1254 2860 1323 2918 anni
1347 2869 1551 2930 numerentur,
1574 2877 1629 2916 nou
1649 2858 1677 2915 li-

353 2972 437 3040 quet3
465 2981 532 3020 uam
556 2962 626 3020 anni
648 2960 844 3038 Karthaginis
873 2960 924 3035 (ef.
949 2961 986 3019 ad
1010 2981 1036 3018 n.
1054 2959 1150 3037 5262)
1177 2961 1235 3020 hue
1260 2980 1365 3038 purum
1392 2962 1557 3037 pertinent.
1601 2959 1678 3036 [For-

351 3075 434 3125 tasse
456 3064 639 3141 intellegitur
661 3082 758 3122 annus
774 3062 915 3121 XXVIII
932 3062 1134 3123 Valentiniani
1150 3063 1204 3137 III,
1227 3065 1277 3140 qui
1292 3073 1339 3123 est
1356 3084 1386 3142 p.
1401 3061 1436 3124 C.
1453 3063 1527 3123 452.
1563 3063 1619 3122 Tu.
1631 3059 1677 3134 Μ.]
1734 3129 1735 3138 2

351 3241 406 3252 ..aa
1640 3252 1674 3264 .-
1734 3257 1735 3260 Ἰ

650 3427 704 3487 VI.
748 3425 877 3486 LEPTI
898 3424 1029 3487 MINVS
1056 3425 1197 3502 (Lauutu5
1224 3426 1257 3486 G.
1280 3447 1309 3505 p.
1326 3428 1387 3504 14).

351 3585 434 3646 1167
462 3585 501 3644 ud
522 3583 658 3644 Lamtam
681 3603 721 3643 ex
744 3583 913 3661 sepulcreto
936 3584 1061 3661 antiquo
1083 3585 1247 3644 christiano
1266 3586 1304 3645 R.
1321 3582 1441 3663 cagnat
1461 3592 1492 3644 et
1506 3584 1550 3644 H.
1567 3582 1679 3644 Sslsdin
1734 3599 1735 3654 j

394 3697 536 3747 eruerunt
557 3687 661 3746 titulos
683 3687 752 3764 pius
774 3687 872 3746 minus
896 3685 1012 3759 decem,
1038 3686 1075 3746 de
1096 3688 1206 3764 quibus
1229 3706 1320 3746 unum
1347 3688 1441 3746 edidit
1463 3685 1593 3748 Ssledin
1617 3685 1678 3744 sut
1734 3667 1735 3672 ἵ

394 3791 483 3867 dpipr.
513 3793 547 3848 de
575 3790 606 3847 la
635 3789 729 3848 Gaule
750 3789 799 3847 ΙΙΙ
827 3809 853 3848 a.
875 3790 953 3849 1883
982 3809 1011 3866 p.
1029 3789 1103 3863 200,
1137 3791 1243 3848 iterum
1272 3797 1395 3866 uterque
1421 3799 1502 3849 notes
1530 3787 1678 3848 d'urede'oi.
1734 3861 1735 3874 ἦ

397 3893 567 3952 Tuntsieuue
589 3891 704 3950 Turou.
727 3912 754 3950 a.
771 3891 849 3951 1884
872 3911 901 3968 p.
919 3890 948 3949 8.
998 3891 1045 3949 De
1067 3892 1271 3969 sepulcrorum
1295 3893 1511 3968 titulorumque
1537 3893 1632 3951 forms
1654 3901 1680 3946 et

394 3995 569 4054 conditione
591 3993 701 4052 ibidem
723 3993 797 4051 haec
818 3993 965 4052 referunt:
987 4013 1016 4072 p.
1034 3994 1052 4052 8
1075 3993 1124 4053 La
1147 3997 1315 4070 disposition
1337 3995 1488 4054 taetricum
1507 3997 1544 4053 ds
1559 3991 1681 4052 latente

395 4105 436 4156 est
459 4097 489 4154 lu
511 4100 655 4156 suivante:
683 4097 709 4154 te
731 4098 868 4166 caduurs,
892 4097 995 4155 eoucde'
1015 4115 1066 4156 sur
1087 4097 1113 4154 Ie
1136 4099 1204 4168 dos,
1231 4099 1271 4156 les
1292 4100 1385 4156 ussine
1406 4097 1554 4156 ramenta
1575 4113 1639 4155 sous
1659 4095 1681 4150 Ie

395 4217 494 4275 corps,
523 4200 594 4258 teuit
613 4199 752 4273 rensermd
772 4199 845 4256 daus
867 4217 907 4256 un
929 4199 1109 4276 sareopdupe
1131 4200 1261 4276 seruposd
1285 4201 1319 4258 de
1345 4203 1414 4259 trois
1439 4203 1553 4276 pierres
1581 4199 1680 4264 daton,

395 4303 429 4360 de
452 4301 560 4378 eisque
582 4302 652 4372 edre,
673 4319 727 4359 une
750 4303 769 4358 d
791 4300 821 4360 la
843 4302 894 4360 ἰδία
915 4311 941 4360 et
960 4321 1014 4360 une
1034 4319 1092 4360 uus
1110 4303 1209 4378 pieds,
1235 4305 1286 4378 qui
1306 4301 1410 4361 dtuierst
1430 4303 1623 4362 elles-mimus
1642 4319 1682 4357 re-

395 4413 537 4464 consertes
560 4405 595 4461 de
615 4404 689 4461 deus
710 4421 747 4462 ou
763 4405 912 4479 plusieurs
938 4404 1031 4462 dulles
1057 4406 1092 4463 de
1114 4407 1239 4481 pierres,
1260 4405 1393 4478 sorneant
1417 4424 1456 4464 un
1483 4405 1628 4465 conuersis
1650 4403 1680 4459 de
1734 4403 1735 4440 3

393 4525 431 4566 ru.
445 4505 522 4578 0,08
549 4506 742 4582 d’dpaisseur.
801 4505 975 4566 Audessus
1004 4507 1039 4564 de
1068 4523 1097 4565 ee
1123 4507 1279 4578 conversis,
1313 4525 1363 4567 sur
1389 4527 1445 4568 une
1472 4509 1621 4584 sparsum
1651 4506 1681 4562 ds

394 4629 431 4669 m.
449 4609 534 4683 0,40‚
562 4625 598 4667 on
619 4612 700 4667 ausit
720 4608 867 4684 aeeumuld
887 4611 936 4668 des
953 4613 1066 4685 pierres
1087 4609 1187 4686 neptes
1210 4610 1284 4668 daus
1305 4611 1343 4668 du
1362 4615 1497 4681 mortier,·
1524 4611 1680 4670 ‹su-desert
1734 4671 1735 4686 χ

396 4713 430 4770 de
452 4720 519 4771 cette
540 4711 641 4770 eouede
663 4719 688 4770 et
710 4729 760 4770 sur
782 4711 921 4769 sudeton
943 4713 977 4769 de
998 4731 1034 4770 m.
1047 4712 1115 4782 0,15
1136 4710 1327 4788 d’dpuisseur,
1347 4716 1475 4789 reposuit
1488 4713 1519 4770 ia
1535 4713 1680 4786 mutuique.
1734 4719 1735 4732 ¹

395 4832 424 4890 p.
443 4814 459 4872 7
476 4832 554 4891 seq.:
581 4813 683 4872 Testes
706 4831 750 4872 ees
773 4813 876 4872 tomdes
900 4815 919 4872 d
941 4813 1110 4890 l'eecepti0n
1133 4812 1217 4872 d'une
1238 4815 1314 4874 seule
1337 4848 1374 4859 —
1398 4816 1501 4875 dtuient
1514 4821 1680 4875 recurrentes

396 4915 483 4974 d'une
505 4917 669 4975 decoration
695 4934 730 4974 eu
754 4919 899 4992 morasque
925 4925 1065 4992 occupant
1091 4919 1264 4976 entidremeut
1291 4918 1322 4976 la
1348 4919 1461 4994 sursaee
1486 4920 1527 4976 du
1552 4918 1679 4976 tundunt

400 5016 453 5077 Ges
473 5022 650 5095 indempnes,
678 5021 770 5077 tautdt
796 5037 830 5076 en
851 5019 933 5077 eudes
959 5020 993 5076 de
1013 5037 1107 5089 verre,
1135 5022 1225 5078 tuntdt
1248 5038 1281 5078 eu
1303 5021 1385 5079 eudes
1411 5021 1447 5079 de
1471 5021 1597 5090 murdre,
1620 5015 1679 5094 prr'*
1734 5015 1735 5080 ἕ

396 5131 503 5180 sentent
526 5122 556 5178 lu
579 5123 749 5198 disposition
771 5123 915 5179 estuante:
946 5139 980 5179 en
1002 5121 1066 5192 trite,
1094 5140 1133 5178 un
1155 5121 1273 5181 chrisme
1293 5122 1409 5181 entourd
1429 5125 1484 5182 seit
1505 5121 1581 5181 d'un
1602 5117 1681 5178 etrele
1734 5113 1735 5118 ’

397 5226 457 5294 uni,
481 5226 536 5281 soit
557 5224 647 5282 d’une
667 5222 821 5299 putrlunde
836 5225 871 5281 de
884 5222 1005 5299 seuilles
1019 5256 1057 5266 —
1074 5225 1253 5285 au-dessous
1269 5223 1464 5300 l'inscription
1472 5225 1630 5300 suudruire.
1646 5253 1678 5264 -
1734 5233 1735 5244 *
