3574 5942
413 471 716 524 ossnnvsmonns
733 473 1021 526 nerassrnrcsn.
1315 456 1386 527 133

89 645 178 708 nabiles
197 663 282 722 quam
305 648 449 705 veterani.
486 646 591 722 ltaque
613 664 704 704 unum
727 665 822 726 genus
844 648 902 706 hoc
922 647 978 706 fuit
1000 645 1174 706 officialium
1189 666 1228 704 ex
1243 657 1328 725 parte
1342 648 1393 705 ad·

87 759 207 826 sumptum
227 757 349 826 propter
372 747 497 818 natales,
519 767 557 806 ex
580 756 665 823 parte
687 759 809 825 propter
831 749 969 808 militiam
993 759 1175 808 veteranam.

117 848 288 910 Consortium
315 857 518 924 protectorum
546 848 616 924 (hoc
638 851 785 908 vocabulo
807 851 948 928 deinceps
971 851 1206 928 significabimus
1229 851 1387 910 universos

86 962 130 1010 tau
149 961 295 1010 rotamnos
321 969 411 1027 quam
439 951 570 1026 nobiles)
599 951 749 1027 quomodo
774 953 967 1012 constitutum
995 954 1096 1026 luerit,
1126 971 1231 1028 parurn
1259 960 1386 1011 constat.

85 1053 139 1114 lluo
157 1054 264 1112 luerunt
284 1070 397 1130 genera
419 1053 608 1111 militantium
635 1057 712 1112 intra
734 1053 876 1130 palatium
903 1053 952 1130 (C.
969 1055 1026 1113 Tb.
1047 1054 1094 1127 16,
1115 1055 1143 1126 5,
1165 1052 1233 1129 42),
1261 1054 1387 1113 alterum

84 1156 223 1214 scholarum
242 1155 299 1212 snb
315 1155 461 1232 magistro
476 1154 643 1214 officiorum
659 1157 888 1214 constitutarum
904 1157 1102 1216 scutariorum
1119 1155 1272 1232 gentilium
1290 1173 1388 1214 orma-

83 1273 196 1328 turarum,
216 1255 343 1314 alterum
366 1256 424 1316 hoc
438 1236 669 1316 domesticorum
692 1258 848 1316 comitibus
863 1258 1037 1328 oboediens,
1060 1265 1089 1315 et
1110 1264 1271 1333 propterea
1292 1277 1385 1335 oppo-

82 1371 168 1418 nuntur
186 1359 212 1414 hi
234 1356 366 1417 scholari
389 1357 514 1416 militiae
540 1358 570 1416 in
594 1358 712 1435 legibus
735 1378 761 1418 a.
779 1359 839 1417 346
862 1357 910 1434 (C.
928 1359 986 1417 Th.
1006 1359 1052 1431 12,
1071 1361 1098 1430 l,
1115 1358 1168 1434 38)
1195 1367 1226 1416 et
1249 1359 1308 1418 366
1332 1357 1383 1434 (C.

81 1459 161 1530 7116,
176 1459 200 1532 7,
216 1459 247 1535 9)
276 1468 307 1518 et
329 1459 359 1517 in
381 1458 499 1518 Notitia
519 1459 723 1537 Dignitatum,
751 1461 996 1538 significaturque
1019 1460 1211 1532 universitas,
1241 1467 1273 1517 ut
1295 1461 1384 1519 modo

80 1561 511 1632 1111111111,1οοι1111110101ιεον111’
532 1561 751 1638 similibusque.
785 1560 843 1622 Sed
867 1580 937 1621 mox
959 1563 1129 1621 scholarum
1146 1561 1321 1620 vocabulum
1345 1562 1383 1620 ad

79 1665 120 1722 hoo
137 1681 243 1739 quoque
264 1680 358 1739 genus
381 1664 542 1740 porrigitur
558 1673 732 1740 usurpatum
753 1664 791 1722 ab
807 1664 966 1722 Ammiano
989 1663 1053 1738 (26,
1070 1665 1099 1734 5,
1116 1664 1147 1721 8:
1171 1664 1383 1724 domesticorum

76 1769 178 1842 praefuit
189 1764 318 1833 scholam·
342 1765 389 1837 14,
407 1763 435 1835 7,
451 1764 484 1822 9:
507 1765 611 1823 scholis
629 1765 774 1840 palatinis
796 1775 821 1822 et
839 1775 1029 1840 protectorum
1044 1785 1105 1823 acm
1121 1768 1254 1824 sectariis
1272 1775 1296 1824 et
1316 1785 1382 1840 pen·

78 1866 163 1942 tilitas)
187 1875 215 1924 et
240 1868 271 1925 in
298 1865 563 1924 constitutionibus
585 1866 695 1924 Iuliani
723 1863 772 1941 (C.
790 1867 845 1924 Tb.
863 1866 891 1936 6,
909 1865 989 1938 24,1
1016 1885 1042 1924 a.
1059 1865 1133 1925 362:
1162 1869 1306 1924 domestici
1328 1886 1383 1942 per

77 1969 180 2042 stapulas
202 1985 330 2044 quasque
356 1966 499 2040 sciolas),
523 1961 728 2026 Valentiniani
757 1966 805 2043 (C.
823 1967 879 2026 Th.
898 1968 926 2040 6,
943 1967 992 2038 24,
1010 1970 1027 2026 3
1050 1986 1077 2024 a.
1095 1967 1169 2025 364:
1192 1977 1382 2042 protectorum

76 2071 258 2128 domesticorum
279 2069 404 2145 schola),
431 2069 597 2129 Theodosii
618 2069 648 2127 ll
671 2067 721 2143 (C.
737 2068 794 2126 Th.
813 2068 840 2140 6,
856 2068 906 2140 25,
925 2071 956 2127 l:
988 2088 1021 2126 ea
1043 2071 1228 2127 devotissimis
1251 2071 1381 2128 domesti-

75 2189 147 2228 corma
165 2171 288 2246 sciolis).
335 2171 488 2246 Bipertiti,
516 2171 630 2229 scilicet
651 2171 767 2246 equites
791 2171 855 2241 olii,
885 2169 934 2227 alii
965 2170 1080 2247 pedites
1102 2189 1168 2228 cum
1197 2177 1380 2246 protectores

74 2274 101 2330 ab
118 2275 174 2350 ipso
194 2273 278 2330 initio
303 2273 459 2331 rideantur
480 2273 584 2345 fuisse,
607 2272 683 2330 duae
704 2272 826 2330 scholae
847 2272 978 2348 equitum
1000 2273 1103 2344 altera,
1129 2273 1226 2330 altera
1247 2271 1379 2346 peditum

74 2385 134 2432 certo
152 2381 273 2432 testatae
296 2393 356 2432 non
380 2383 449 2432 sunt
469 2374 526 2432 nisi
550 2373 579 2432 in
595 2374 859 2432 constitutionibus
875 2374 988 2432 saeculi
1005 2373 1082 2431 sexti
1106 2371 1195 2448 (Cod.
1212 2373 1287 2430 Iust.
1305 2371 1333 2444 2,
1349 2373 1378 2444 7,

74 2473 109 2544 25,
122 2475 143 2532 3.
168 2475 210 2545 12,
223 2478 250 2548 7,
267 2477 296 2534 4.
316 2475 360 2550 5).
397 2475 512 2534 Eodem
535 2495 604 2534 num
628 2484 740 2552 spectet
760 2476 887 2552 pluralis
909 2476 939 2532 in
961 2475 1079 2552 legibus
1103 2491 1194 2550 supra
1216 2474 1313 2532 citatis
1329 2475 1379 2532 Iu·

72 2576 123 2634 lani
142 2587 168 2636 et
187 2577 353 2636 Theodosii
377 2577 408 2634 ll
435 2588 612 2654 usurpatus,
639 2576 762 2635 dubium
785 2587 844 2648 est,
871 2596 937 2634 cunr
960 2576 1105 2652 singulari
1133 2585 1251 2634 utantur
1267 2573 1377 2634 Valen-

72 2680 175 2736 tinianus
196 2686 225 2737 et
246 2678 354 2738 titulus
370 2676 538 2753 Cyzicenus
560 2699 588 2736 11.
606 2677 659 2749 293
682 2680 792 2737 rectius
810 2680 937 2736 fortasse
953 2697 1018 2736 eam
1034 2678 1181 2736 sermonis
1204 2677 1377 2736 inconstan-

71 2782 123 2838 tiam
151 2779 214 2838 ioda
245 2780 433 2857 explicabis,
466 2779 547 2855 quod
580 2791 702 2857 propter
727 2780 853 2838 instituti
883 2779 1088 2838 condicionem
1118 2798 1186 2837 vere
1218 2779 1375 2856 gemellam

71 2891 222 2956 protectores
254 2881 380 2959 proprie
405 2889 435 2938 et
462 2881 614 2939 domestici
639 2882 760 2958 proprie
789 2891 817 2939 et
845 2900 898 2955 pro
927 2899 986 2938 uno
1015 2883 1167 2939 consortio
1193 2880 1296 2938 haberi
1323 2899 1375 2956 po·

70 2994 163 3042 taeruut
182 2995 210 3042 et
236 3001 292 3061 pro
318 2983 446 3041 duobus.
469 3015 509 3025 —
532 2983 720 3041 Protectores
742 2983 866 3058 collegas
889 3000 921 3040 sc
943 2982 1095 3059 appellant
1120 2983 1149 3040 in
1173 2981 1261 3040 titulo
1284 2997 1377 3058 supra

68 3083 131 3142 1123
150 3095 177 3144 et
199 3085 280 3162 apud
306 3084 499 3142 Ammianum
525 3085 572 3155 15,
589 3085 617 3157 3,
637 3084 683 3142 10.
711 3103 735 3142 c.
753 3085 781 3155 5,
799 3083 847 3142 22.
875 3085 921 3154 18,
938 3084 966 3156 8,
986 3084 1032 3144 11.
1058 3119 1094 3128 —
1117 3083 1286 3142 Actaarium
1304 3103 1375 3159 pro·

68 3197 171 3245 tamma
192 3187 332 3246 nominat
353 3186 458 3246 titulus
479 3207 507 3244 n.
524 3187 563 3244 41
586 3186 639 3264 (ci.
656 3183 756 3244 Cauer
777 3187 807 3244 in
830 3187 885 3244 hac
907 3186 984 3263 Epir.
1000 3185 1043 3242 lV
1067 3205 1095 3262 p.
1112 3185 1198 3260 430).

97 3287 134 3345 hd
153 3298 387 3366 protectoratum
410 3287 589 3364 pervenitur,
612 3296 645 3346 ut
666 3289 709 3346 ait
728 3287 900 3346 constitutio
912 3286 1115 3346 Valentiniani
1140 3284 1188 3362 (C.
1202 3285 1260 3345 Th.
1278 3287 1306 3356 6,
1323 3285 1372 3359 24,

68 3389 98 3462 3),
115 3394 195 3450 uariis
214 3390 377 3460 itineribus,
400 3389 431 3446 id
453 3397 507 3461 est,
531 3399 562 3447 ut
583 3389 691 3447 ibidem
711 3389 854 3458 innuitur,
876 3396 927 3446 aut
949 3396 1072 3464 propter
1086 3388 1209 3446 emerita
1224 3389 1375 3464 stipendia

67 3501 103 3548 aut
123 3491 216 3550 farore
243 3490 424 3569 praesertim
451 3490 624 3548 nobilitatis.
668 3490 757 3548 Illam
784 3507 906 3548 oausam
934 3487 1149 3548 Constantinus
1176 3489 1311 3548 enuntiat
1343 3491 1373 3548 in

67 3593 114 3666 lege
136 3613 160 3650 a
179 3592 238 3653 328
265 3592 320 3669 (Ο.
338 3592 397 3650 Τ11.
414 3593 442 3664 7,
459 3591 508 3663 20,
524 3593 556 3667 5)
584 3609 753 3650 memorans
782 3601 929 3650 ueteranos
954 3595 1130 3667 protectorio
1159 3592 1295 3666 diqaitate
1325 3609 1372 3650 aa·

67 3693 174 3766 aciatos,
204 3705 234 3754 et
265 3695 382 3754 diserte
409 3691 605 3770 Symmachus
640 3711 685 3768 cp.
703 3694 731 3764 3,
754 3693 792 3752 67
823 3692 956 3750 Firmum
983 3692 1176 3750 domesticum
1203 3709 1288 3750 suum
1320 3697 1372 3750 mi-

65 3794 124 3854 ttiue
153 3799 302 3874 stipendiis
347 3815 411 3854 cum
445 3796 588 3854 honestate
628 3798 810 3871 perficactam
852 3794 1063 3853 commendans
1106 3793 1203 3852 amico
1248 3793 1372 3870 lepitimc

64 3903 167 3970 masaia
191 3899 430 3959 desiderantem:
463 3898 624 3955 huiscemodi
650 3899 755 3972 quippe
779 3898 919 3954 veteranis
947 3898 1154 3971 praerogatiua
1179 3895 1309 3966 debetur,
1340 3905 1372 3954 ot

66 3999 107 4056 dlis
125 4012 308 4074 protectorum
330 4001 459 4074 dipaitas
481 4008 623 4074 tamquam
645 4001 771 4073 pretium
794 3997 871 4072 longi
893 3998 1000 4056 laboris
1021 3997 1146 4055 accedat.
1189 3997 1262 4054 Alia
1283 3997 1371 4074 plura

64 4103 203 4178 composuit
224 4100 437 4162 Gothoiredus
458 4099 497 4158 ad
518 4097 552 4158 C.
569 4099 626 4158 Th.
646 4100 666 4157 1.
683 4117 707 4158 c.
752 4097 844 4158 Certa
865 4099 1004 4177 exempla
1024 4108 1055 4157 et
1075 4099 1238 4174 scriptores
1262 4116 1371 4175 suppe-

65 4201 137 4260 ditant
159 4213 188 4260 et
212 4204 301 4262 tituli.
350 4203 399 4261 Ita
420 4199 584 4260 Gratianus
612 4210 696 4276 pater
718 4201 907 4276 imperatoris
922 4200 1123 4258 Valentiniani
1150 4199 1227 4275 (uati
1249 4217 1275 4256 a.
1293 4199 1370 4280 321)

63 4313 126 4362 toas
143 4306 220 4380 apud
235 4304 360 4365 Cibalae
381 4303 500 4378 ipaobiii
520 4307 609 4378 stirpe
627 4303 661 4360 ab
676 4302 768 4360 calidi
781 4305 908 4377 corporis
931 4303 1018 4360 robur
1036 4310 1105 4377 post
1119 4303 1283 4376 dignitatem
1302 4319 1371 4376 pro·

63 4411 251 4482 sarisaeque
274 4405 386 4462 tribuni
405 4421 495 4462 comes
513 4406 645 4480 praesidi
665 4407 708 4462 rei
729 4407 865 4462 castrensi
882 4421 937 4478 per
951 4402 1085 4477 Africum
1106 4400 1298 4474 (Ammianus
1320 4401 1370 4474 30,

66 4504 163 4577 t.i.s;
188 4509 223 4566 cl.
240 4507 352 4564 Victor
373 4506 442 4581 epit.
463 4505 531 4580 45).
575 4505 650 4561 Item
681 4505 832 4562 Antonius
861 4513 1041 4563 memoratus
1071 4503 1150 4579 apud
1178 4503 1368 4562 Ammianum

64 4607 111 4676 (18.
124 4609 149 4674 5,
165 4607 194 4684 1)
216 4608 253 4664 ad
278 4627 306 4664 a.
326 4607 387 4666 350
410 4625 444 4664 aa
464 4615 617 4664 mercatore
636 4606 767 4680 opulento
790 4609 964 4664 rationarius
980 4609 1133 4682 apparitor
1145 4605 1370 4680 Mesopotamiae

63 4709 134 4775 iuis,
156 4721 218 4768 tunc
238 4708 424 4786 protector1)
450 4706 536 4766 miles
559 4715 605 4766 cst
628 4728 666 4765 ex
687 4707 813 4766 daciano
836 4707 873 4764 ad
896 4714 1129 4784 protectorstum
1152 4713 1288 4776 evectus,
1315 4727 1369 4763 nec

62 4807 156 4868 dubium
185 4821 229 4869 est
262 4831 282 4868 a
317 4809 578 4888 regeneratoribus
611 4809 728 4884 imperii
757 4807 946 4867 Dibuletiauo
973 4805 1212 4867 Constantiuove
1244 4806 1368 4865 ducibus

63 4953 234 4968 ··----

91 5037 108 5098 ¹)
124 5041 176 5092 Nan
194 5051 264 5094 recte
285 5042 417 5094 Marinlus
436 5042 494 5091 isar.
516 5039 576 5090 Aio.
595 5055 621 5105 p.
635 5043 670 5090 70
689 5055 797 5105 cumque
824 5042 904 5092 secati
923 5041 968 5091 alii
995 5041 1054 5090 hinc
1077 5039 1216 5090 effecerunt
1245 5053 1276 5089 ao
1305 5047 1368 5090 tem·

62 5143 108 5190 litt
123 5133 205 5186 ducam
224 5135 437 5201 Mesopotamiae
455 5139 614 5198 protectores
633 5148 692 5184 auos
712 5131 839 5186 habuisse.
