3574 5942
353 462 424 534 138
930 482 1113 535 uouussrr

354 582 684 593 ——r

348 663 477 714 tectores
500 658 649 716 natalibus
672 657 762 715 claris
785 658 974 732 potissimum
997 663 1169 715 crearentur
1189 655 1255 715 fisci
1277 655 1391 714 ditandi
1420 672 1524 727 causa,
1551 655 1681 734 graviter

349 758 461 816 errabit
482 760 533 834 qui
555 779 655 816 eorum
678 759 890 817 admissionem
913 759 986 835 ipsis
1015 758 1172 817 vocabulis
1202 757 1310 816 ducum
1332 757 1516 836 militumque
1543 766 1680 817 testatam

349 859 386 917 ad
409 861 536 918 abusum
559 861 655 918 solum
678 861 776 918 trahet
798 880 893 937 neque
914 861 944 917 in
967 879 1003 919 ea
1025 869 1169 937 agnoscet
1184 859 1341 918 consilium
1363 877 1433 917 vere
1454 859 1679 936 imperatorium

348 969 378 1020 et
399 981 465 1020 curn
488 963 530 1019 rei
553 963 690 1039 publicae
710 963 921 1021 reformatione
944 962 1124 1038 perficienda
1146 961 1344 1034 coniunctum,
1365 971 1398 1020 nt
1412 961 1528 1021 nobiles
1544 961 1680 1020 homines

348 1082 444 1139 neque
468 1064 524 1122 soli
547 1085 611 1122 eam
634 1065 878 1123 administrarent
899 1083 994 1140 neque
1017 1065 1054 1122 ab
1077 1083 1113 1121 en
1134 1071 1312 1122 arcerentur.
1356 1064 1507 1123 Tenemus
1533 1062 1625 1140 igitur
1650 1064 1679 1121 in

347 1166 405 1224 hoc
427 1167 564 1224 instituto
586 1186 648 1224 reru
671 1167 844 1242 gravissimi
864 1167 1005 1225 momenti
1028 1177 1057 1225 et
1079 1186 1177 1224 rerum
1201 1165 1348 1242 scriptori,
1371 1165 1485 1224 scilicet
1506 1183 1543 1224 eo
1561 1165 1680 1223 nomine

347 1267 452 1343 digno,
480 1267 683 1350 utilissimam
712 1270 809 1344 ipsam
836 1277 867 1326 ut
888 1287 1087 1344 exequamur,
1114 1268 1242 1326 tenuitas
1269 1267 1547 1326 commentariorum
1574 1267 1678 1325 borum

347 1370 607 1446 epigraphicornm
630 1387 689 1426 nou
714 1370 852 1428 admittit.

388 1471 612 1530 Protectoratus
634 1491 672 1530 ex
694 1473 837 1530 castrensi
861 1471 978 1530 aulicus
1000 1473 1096 1529 factus
1119 1473 1166 1529 sui
1188 1470 1343 1529 dissimilis
1364 1470 1407 1527 ita
1427 1470 1490 1530 l'ere
1513 1471 1625 1542 evasit,
1648 1481 1681 1527 nt

347 1573 510 1630 dissimiles
531 1572 653 1630 fuerunt
669 1573 750 1631 Zeno
773 1583 802 1630 et
818 1575 1002 1632 Anastasius
1019 1573 1202 1630 Diocletiani
1223 1581 1252 1630 et
1267 1570 1464 1630 Constantini.
1502 1570 1562 1632 Sed
1585 1592 1621 1632 aa
1636 1573 1678 1630 rei

345 1674 482 1732 militaris
505 1676 638 1745 mutatio,
660 1677 745 1733 cuins
768 1677 842 1734 haec
865 1687 1064 1752 protectorum
1087 1683 1232 1752 pareest,
1254 1682 1351 1733 utrum
1366 1675 1455 1732 etiam
1475 1682 1678 1752 protecturum

347 1776 500 1834 vocabulis
524 1785 554 1832 et
575 1776 720 1834 institutis
742 1777 868 1855 vestigia
890 1796 946 1836 sua
964 1777 1156 1852 impresserit,
1179 1776 1340 1850 quaeritur.
1378 1775 1474 1834 Tituli
1489 1785 1549 1834 tres
1564 1775 1625 1832 duo
1641 1794 1680 1833 ex

345 1877 511 1954 sepulcreto
534 1874 750 1936 Concordiensi
778 1878 897 1936 saecv
926 1877 1136 1954 incipientis¹)
1163 1877 1310 1936 eruderati
1336 1898 1365 1935 n.
1384 1876 1423 1934 tt
1446 1880 1619 1952 protectoris
1645 1879 1680 1936 ds

345 1997 458 2036 numero
487 1982 694 2054 armiqerornm
720 1990 750 2039 et
775 2000 803 2038 n.
821 1981 859 2038 59
893 1979 977 2054 (vide
1003 1979 1095 2055 infra)
1129 1981 1272 2037 domestici
1297 1980 1332 2037 de
1356 1995 1471 2036 numero
1499 1977 1680 2036 Batauorum

344 2083 486 2138 seniorum
513 2080 676 2157 tertiusque
703 2101 740 2139 ex
764 2083 839 2139 Asia
866 2101 893 2138 n.
917 2081 955 2138 24
978 2085 1148 2157 protectoris
1173 2084 1282 2140 numeri
1306 2079 1497 2138 Martensium
1522 2079 1593 2138 suni
1617 2079 1680 2138 518

343 2198 419 2257 quoe
440 2191 663 2258 proposuerunt
682 2191 867 2260 protectores
889 2184 1071 2242 domesticos
1093 2201 1153 2240 non
1179 2181 1337 2240 comitibus
1364 2181 1597 2240 domesticorum
1626 2200 1679 2258 pa-

343 2290 453 2354 rentes,
477 2285 531 2342 sed
552 2285 663 2342 relatos
686 2283 723 2340 nd
745 2302 887 2343 numeros
910 2293 1017 2357 certos,
1039 2284 1075 2344 de
1095 2285 1134 2343 iis
1157 2295 1295 2343 auctores
1310 2284 1451 2359 legesque
1464 2282 1553 2342 huius
1569 2284 1680 2342 aetatis

344 2393 456 2454 tacent,
479 2385 620 2461 qnodque
642 2386 705 2443 dixi
727 2387 802 2444 duos
825 2386 892 2444 illos
915 2386 1006 2445 edens
1027 2384 1076 2462 (0.
1090 2386 1119 2444 V
1140 2407 1169 2464 p.
1186 2385 1279 2461 1059)
1302 2392 1486 2461 protectores
1508 2385 1565 2443 hos
1585 2384 1680 2463 longe

343 2487 497 2545 discedere
524 2505 542 2542 a
570 2486 648 2544 notis
677 2498 831 2562 praeterea
856 2507 952 2564 neque
979 2488 1054 2547 satis
1081 2489 1119 2547 de
1145 2488 1183 2547 iis
1209 2487 1337 2562 liquere,
1366 2487 1464 2544 adhuc
1490 2505 1593 2545 verum
1622 2496 1679 2545 est.

343 2587 486 2646 Fortasse
510 2587 547 2646 ad
570 2589 624 2646 hos
647 2589 812 2664 respiciens
836 2589 1019 2649 lastinianus
1041 2591 1071 2648 in
1094 2589 1207 2667 legibus
1227 2586 1261 2646 0.
1278 2589 1354 2648 lust.
1374 2588 1403 2660 2,
1420 2586 1449 2659 7,
1466 2585 1548 2658 25,3
1572 2597 1603 2646 et
1629 2587 1680 2658 12,

344 2690 428 2762 17,4
450 2699 633 2766 protectores
657 2690 836 2750 domesticos
858 2691 948 2767 vulgo
970 2700 1058 2749 notos
1080 2691 1215 2750 nominat
1235 2691 1398 2748 semermos
1416 2691 1623 2766 praesentatos.

383 2791 420 2850 ln
441 2809 533 2867 regno
548 2791 656 2849 Italiae
678 2793 758 2868 quod
774 2792 977 2852 Theodericus
997 2792 1137 2851 formavit
1158 2801 1192 2850 ut
1214 2793 1356 2869 pleraque
1379 2791 1441 2849 alia
1460 2791 1600 2850 instituta
1614 2790 1679 2849 Ro·

341 2912 431 2952 mana
452 2895 542 2952 etiam
564 2902 748 2968 protectores
772 2895 951 2953 domesticos
973 2895 1122 2953 mansisse
1144 2902 1315 2953 auctorest
1337 2893 1504 2970 Procopius
1514 2890 1545 2968 ²)
1567 2895 1679 2952 contir-

341 3004 484 3072 mantqne
502 2995 650 3070 epistulae
666 2993 931 3068 Cassiodorians03
953 3015 1022 3055 narn
1041 3005 1071 3054 et
1085 2997 1226 3055 comitum
1242 2995 1475 3057 domesticorum
1489 3011 1525 3053 eo
1540 3001 1680 3071 tempore

341 3098 419 3155 inter
440 3096 574 3182 illustres
598 3106 821 3157 numeratorum
847 3099 938 3157 iniis
966 3099 1075 3158 adsunt
1103 3093 1289 3173 formularii)
1315 3107 1345 3155 et
1372 3097 1534 3172 primicerii
1560 3115 1679 3167 eorum,

341 3198 392 3274 qni
411 3199 469 3256 iam
486 3197 667 3257 domesticus
684 3200 852 3278 appellatur
866 3196 936 3257 κατ’
950 3193 1065 3280 ἔξοχῆν
1079 3200 1148 3258 item
1165 3199 1202 3256 ad
1217 3199 1489 3258 illustrissimatum
1505 3197 1680 3273 evectum),

346 3373 550 3382 μ*-

401 3490 424 3552 ¹)
445 3493 521 3542 Certe
539 3507 571 3542 eo
591 3493 686 3544 ducunt
705 3494 858 3558 quicumque
878 3494 945 3543 tituli
973 3494 1001 3542 in
1030 3508 1061 3544 eo
1085 3491 1228 3558 sepulcreto
1252 3493 1347 3556 reperti
1369 3498 1429 3541 sunt
1452 3507 1510 3542 cum
1534 3507 1604 3542 auno
1630 3493 1680 3544 ad-

340 3584 435 3646 scripto
456 3583 569 3644 <c.1.1..
584 3586 608 3634 V
627 3601 652 3648 p.
665 3585 755 3647 1058),
775 3599 858 3649 neque
877 3585 1009 3634 adsentior
1023 3584 1115 3636 Roscio
1136 3581 1216 3646 (Bell.
1234 3583 1356 3633 cristiano
1376 3582 1446 3633 1874
1465 3599 1490 3648 p.
1502 3584 1566 3646 142)
1585 3585 1681 3634 titulos

340 3675 461 3724 tribuenti
483 3675 596 3738 epochae
615 3677 760 3740 posteriori.

398 3762 422 3827 ²)
451 3767 517 3815 illst.
547 3782 600 3816 arc.
628 3784 649 3816 c.
675 3768 721 3817 26:
751 3758 863 3816 Ἰταλίαν
883 3763 1043 3838 Θευδὲριχος
1067 3754 1128 3816 ttdv
1153 3755 1210 3824 ruric
1234 3763 1258 3815 ir
1283 3763 1317 3830 τῷ
1338 3753 1433 3831 ‘Pripqc
1455 3757 1570 3830 παλατῖῳ
1595 3784 1680 3834 στρα-

339 3855 483 3924 τευομένους
502 3854 578 3907 αὐτοῦ
597 3852 676 3921 εἴασε,
699 3843 762 3916 ὅπως
780 3875 805 3906 τι
825 3847 972 3921 diurnitatis
991 3857 1035 3923 τῆς
1053 3854 1186 3915 πολιτείας
1205 3855 1247 3921 τῆς
1265 3855 1376 3914 παλαιᾶς
1395 3853 1483 3928 ἴχνος,
1504 3852 1563 3926 μίαν
1583 3851 1682 3907 ἄπολι-

238 3969 239 3972 “
338 3937 387 3997 eruin
407 3937 524 4014 σύνταξιν
544 3946 567 4006 ir
585 3941 677 4015 ἦμέραν
702 3950 746 4012 (=
765 3950 878 4014 singulas
896 3966 1012 4001 annonas
1032 3950 1146 4012 diurnas)
1166 3938 1273 4012 ἑκάστῳ·
1293 3937 1356 4013 ἦσαν
1375 3944 1403 3998 dl
1423 3937 1491 3998 orirer
1509 3949 1683 4015 παμπληθεῖς

339 4030 410 4107 ἄγαν,
432 4031 459 4088 ui
475 4057 501 4088 'ct
520 4031 568 4109 γαρ
588 4031 756 4110 σιλιντιαῖριος
775 4038 926 4108 καλουμένας
945 4039 985 4090 nul
1005 4037 1150 4109 δομέστικοι
1168 4034 1211 4090 καὶ
1230 4029 1374 4112 σχολᾶριαι
1394 4037 1418 4091 ἓν
1437 4033 1521 4098 αὐτοῖς
1538 4029 1613 4104 ἦσαν,
1640 4037 1681 4099 οἷς

340 4119 371 4195 dri
390 4119 458 4181 ἄλλο
480 4124 731 4182 adsistentium
752 4123 766 4197 ν)
785 4121 815 4182 'ri
833 4131 877 4196 τῆς
896 4128 1030 4200 στρατείας
1050 4121 1127 4200 ὄνομα
1152 4121 1237 4201 pinon,
1263 4131 1303 4183 nal
1328 4125 1344 4197 ἦ
1368 4121 1484 4199 σιῖνααξις
1508 4119 1570 4195 αὕτη
1596 4131 1625 4191 te
1647 4122 1681 4185 ‘rs'

765 4228 795 4286 ἴς,
815 4212 876 4294 ὅπερ
897 4222 921 4282 te
938 4242 965 4273 rr
983 4221 1075 4282 παῖδας
1093 4223 1133 4274 nul
1153 4217 1287 4293 ἀπογόνους
1306 4221 1467 4296 Θιυδίριχος
1484 4211 1575 4282 siseris
1592 4243 1681 4295 παρα·

339 4311 442 4382 πέμπειν
462 4313 587 4366 ἐκέλευσα
621 4319 676 4367 Hoc
695 4318 732 4367 ita
751 4318 851 4368 ridetur
870 4318 1048 4382 accipiendum
1068 4334 1123 4369 esse
1141 4319 1293 4383 protectoris
1312 4319 1366 4368 lilio
1385 4319 1412 4368 in
1431 4319 1500 4368 idem
1520 4334 1616 4384 corpus
1636 4335 1681 4370 re-

340 4416 414 4474 cepto
433 4409 573 4460 secundum
591 4409 673 4474 legem
694 4423 717 4458 a
733 4410 785 4459 364
810 4409 898 4474 (supra
921 4425 946 4474 p.
963 4409 1026 4472 135)
1055 4426 1107 4460 non
1133 4425 1208 4460 suum
1231 4409 1387 4475 stipendium
1413 4410 1500 4460 datum
1527 4425 1596 4472 esse,
1631 4415 1681 4463 sed

340 4503 528 4551 successionem
547 4502 628 4550 solam
647 4502 757 4566 paterni.

399 4589 423 4654 ³)
443 4593 503 4642 Vur.
521 4595 544 4654 1,
560 4595 607 4643 10:
628 4591 757 4644 domestici
769 4599 859 4659 patres
878 4593 984 4658 equitnm
1003 4600 1027 4642 et
1040 4591 1163 4662 peditum,
1183 4595 1227 4660 qui
1245 4600 1345 4644 nostras
1361 4593 1436 4644 aulae
1448 4591 1566 4644 uidentur
1579 4595 1682 4661 iupiter

340 4681 466 4735 ercubcne
563 4683 635 4734 nobis
653 4685 836 4752 supplicatione
854 4686 982 4751 conquesti
999 4692 1068 4746 aurit,
1094 4683 1191 4735 abillo
1211 4687 1314 4736 arcario
1335 4685 1518 4752 praefectorum
1535 4701 1588 4751 pro
1610 4703 1681 4738 emo·
1768 4665 1769 4702 ἶ

340 4776 454 4827 lumentis
471 4774 631 4826 sollemnibus
649 4793 693 4828 nec
712 4777 804 4842 inteqri
817 4775 941 4843 ponderis
959 4776 1056 4828 solidos
1069 4778 1203 4844 percipere
1222 4783 1246 4827 et
1264 4777 1291 4826 in
1309 4791 1407 4826 numero
1423 4777 1518 4842 yruoiu
1531 4791 1558 4826 se
1571 4775 1681 4846 dispen-
1768 4805 1769 4808 ¹

340 4868 385 4918 dia
403 4869 532 4918 sustinere.
572 4866 664 4918 Patres
683 4868 836 4918 vocabulum
861 4869 930 4918 varie
953 4877 1104 4934 temptatum
1127 4870 1187 4920 ideo
1211 4870 1339 4919 adiectum
1363 4873 1414 4929 est,
1439 4867 1511 4933 *quod
1534 4869 1683 4922 domestici
1768 4889 1769 4942 }

338 4961 385 5010 lilii
404 4960 499 5011 salario
517 4967 613 5010 carent.

398 5049 423 5111 ⁴)
442 5051 566 5101 Formula
584 5053 720 5102 comitivae
739 5051 937 5102 domesticorum
957 5061 995 5103 est
1014 5067 1066 5102 rar.
1082 5053 1106 5112 8,
1124 5055 1166 5114 12,
1186 5053 1320 5103 comitivae
1337 5051 1537 5102 domesticorum
1557 5055 1682 5104 vacantis

341 5155 394 5192 var.
409 5143 434 5204 2,
451 5143 492 5193 lt.
513 5143 538 5206 6,
555 5147 597 5194 11.
1768 5141 1769 5148 ’
