3510 5932
354 496 425 566 262
762 516 945 569 uouusnu
974 515 1281 567 sversuuuurvu.

351 617 517 628 —-..-..-.-...
913 617 1066 626 ———

394 690 431 747 In
453 691 569 749 anticas
591 709 619 748 v.
641 689 659 747 8
686 690 814 747 traditur
836 704 962 747 ovmvs.
987 723 1024 731 -
1049 688 1073 761 Ι,
1091 687 1129 746 26
1152 707 1332 765 quamquam
1353 688 1557 748 Haverlieldio
1583 691 1666 767 magis

352 793 449 851 visum
473 802 519 851 est
540 807 599 851 tos
622 809 689 850 esse
716 809 804 866 quem
827 806 886 849 rot
908 790 955 849 vel
978 805 1038 849 cor.
1063 790 1160 867 prima
1181 791 1282 849 litters
1304 801 1459 867 corrupte,
1487 790 1667 850 nihilominus

351 894 427 952 illud
449 894 547 970 posui.
571 926 610 935 —
632 892 705 963 11‚2
729 903 780 951 aut
802 907 941 951 rvusuvs
964 900 1016 950 sut
1038 907 1200 951 nvcmuvs.

394 995 545 1055 Deficiunt
572 995 703 1053 cohortis
729 995 843 1070 primae
870 995 965 1070 prima
991 994 1112 1051 nomina
1138 995 1307 1072 perscripta
1334 995 1399 1052 sine
1420 994 1510 1053 dubio
1532 996 1561 1052 in
1583 997 1669 1054 antica

350 1099 421 1169 ime,
443 1097 512 1154 item
535 1115 612 1172 quae
635 1101 711 1153 inter
733 1097 828 1153 latera
849 1097 908 1153 duo
927 1098 1091 1172 intercepte
1106 1107 1175 1154 sunt
1190 1104 1324 1155 extrema
1338 1097 1470 1155 cohortis
1481 1096 1530 1154 III
1544 1107 1572 1156 et
1585 1099 1669 1174 prims

350 1199 404 1272 lV,
428 1199 552 1274 denique
569 1199 598 1255 in
615 1199 673 1256 fine
688 1205 821 1256 extremo
835 1199 967 1256 cohortis
980 1197 1042 1256 VII
1058 1208 1087 1256 et
1102 1198 1202 1256 omnia
1216 1199 1307 1256 trium
1322 1207 1554 1274 postremarum·
1571 1198 1669 1276 Super-

352 1311 421 1358 sunt
443 1301 553 1359 milites
568 1299 684 1371 XLVI,
706 1318 832 1376 quorum
847 1299 923 1357 XLI
946 1299 1140 1375 (computetis
1160 1301 1330 1358 nominibus
1342 1300 1373 1358 X
1389 1301 1478 1360 hodie
1494 1301 1669 1376 semiplenis)

349 1402 444 1460 tribus
466 1403 639 1478 patriasque
661 1401 828 1478 adscriptas
850 1401 959 1459 hebent
973 1402 1190 1472 habueruntve,
1212 1403 1242 1458 in
1259 1401 1377 1460 duobus
1393 1401 1433 1477 (I,
1450 1401 1499 1461 24.
1516 1401 1557 1474 ΙΙ,
1573 1401 1604 1476 5)
1625 1402 1670 1458 tri·

349 1505 405 1562 bus
428 1503 540 1575 deficit,
568 1504 665 1579 patrie
687 1503 717 1559 in
741 1503 835 1561 tribus
859 1502 916 1576 (ll,
932 1503 980 1560 24.
999 1502 1046 1562 25.
1064 1502 1128 1578 27).
1172 1503 1262 1561 Peter
1285 1504 1413 1562 omissus
1436 1511 1481 1562 est
1502 1507 1602 1562 sexies
1623 1503 1669 1577 (ΙΙ,

353 1605 399 1662 10.
420 1605 529 1662 1313.
548 1602 597 1660 24.
615 1602 663 1662 25.
681 1605 751 1678 29);
784 1605 835 1663 ubi
861 1605 1031 1680 adscriptus
1059 1613 1116 1676 est,
1144 1615 1289 1681 quatenus
1317 1622 1498 1681 praenomen
1524 1615 1672 1679 utrumque

351 1715 495 1782 superest,
518 1715 673 1782 paternum
696 1714 726 1763 et
747 1705 801 1763 filii
823 1706 900 1764 idem
922 1715 978 1764 est.

392 1807 557 1867 Numerum
573 1815 780 1866 veteranorum
796 1808 924 1885 legionis
936 1808 965 1865 Il
981 1807 1131 1866 Traianae
1147 1808 1303 1866 missorum
1326 1827 1353 1865 e.
1370 1809 1428 1866 194
1450 1816 1673 1866 consentaneum

351 1919 397 1968 est
418 1910 571 1984 eliquanto
595 1911 738 1967 minorem
761 1927 941 1984 essequam
968 1919 1118 1985 repertum
1147 1909 1177 1967 in
1203 1909 1294 1968 simili
1321 1909 1465 1968 laterculo
1487 1908 1672 1967 Troesmensi
1738 1909 1739 1922 ¹

351 2011 425 2070 c.1.
443 2011 478 2068 L.
500 2011 566 2083 ΙΙΙ,
596 2011 675 2068 6178
704 2011 774 2068 snni
801 2011 916 2082 c.134;
948 2030 1016 2068 nam
1038 2010 1186 2068 Hadriani
1214 2019 1311 2070 aetate
1334 2012 1437 2070 missio
1465 2011 1501 2068 ad
1529 2011 1671 2070 biennium
1738 2043 1739 2050 1

349 2113 570 2190 porrigebatur,
599 2111 701 2172 Severi
728 2131 827 2170 annue
852 2112 931 2170 facta
953 2121 1026 2170 erat.
1075 2113 1237 2171 Praeterea
1263 2114 1351 2172 bellis
1379 2113 1472 2189 gestis
1500 2131 1556 2188 per
1578 2133 1603 2170 s.
1621 2110 1671 2169 168
1738 2149 1739 2192 p

350 2217 390 2273 ed
411 2235 438 2272 a.
454 2214 512 2272 194
538 2224 567 2272 et
587 2215 637 2271 lue
657 2215 818 2272 eorundem
841 2233 986 2271 annorum
1013 2215 1101 2273 huius
1131 2233 1249 2291 quoque
1274 2215 1401 2293 legionis
1429 2213 1540 2272 milites
1568 2215 1673 2289 aliquot
1738 2225 1739 2266 3

349 2319 524 2392 absumptos
546 2333 613 2373 esse
636 2315 797 2374 verisimile
819 2325 874 2374 est.

391 2418 439 2478 De
461 2418 566 2494 patriis
588 2437 665 2493 quae
687 2435 778 2493 supra
799 2438 828 2494 p.
846 2416 905 2475 206
929 2417 1112 2489 dictasunt,
1140 2437 1200 2476 non
1227 2425 1273 2476 est
1298 2419 1379 2494 quod
1406 2427 1551 2495 repetem.
1595 2418 1673 2476 Ordi-
1738 2409 1739 2442 l

349 2520 498 2578 nationem
522 2519 563 2576 rei
587 2519 722 2577 militaris
744 2519 907 2577 laterculus
923 2520 1041 2596 egregie
1063 2519 1236 2591 illustraret,
1259 2521 1285 2577 si
1306 2520 1452 2597 integrum
1468 2539 1538 2578 eum
1560 2520 1672 2578 habere·
1738 2507 1739 2538 ³

350 2641 428 2692 mus3
455 2640 524 2678 nem
548 2621 584 2679 de
605 2640 728 2678 numero
751 2621 951 2679 centuriarum
973 2622 1087 2697 primae
1110 2622 1242 2680 cohortis
1270 2623 1334 2679 sine
1356 2623 1447 2680 dubio
1470 2622 1541 2680 inde
1568 2621 1672 2696 aliquid

349 2724 566 2782 didicissemus.
615 2724 655 2779 nt
682 2742 718 2779 ee
744 2730 807 2779 tota
832 2722 895 2780 fere
922 2723 1010 2799 periit
1037 2741 1173 2798 quaeque
1198 2724 1332 2799 integrae
1360 2733 1526 2800 supersunt
1553 2721 1673 2782 secunde

349 2845 415 2884 oum
438 2823 579 2882 centuriis
602 2841 666 2894 sex,
688 2824 794 2898 quinta
815 2843 879 2881 cum
896 2824 1038 2900 quinque,
1062 2833 1148 2882 sexto
1162 2845 1228 2883 cum
1244 2825 1348 2896 tribus,
1371 2826 1409 2883 iis
1424 2844 1483 2883 non
1500 2825 1672 2902 proficimus.

348 2927 548 3002 Principales,
576 2943 701 3001 quorum
731 2924 860 2983 officium
887 2935 1005 3000 praeter
1031 2927 1271 2985 consuetudinem
1301 2946 1407 2984 nomen
1434 2946 1492 2984 non
1522 2925 1673 2995 antecedit,

348 3029 401 3087 sed
424 3028 568 3105 sequitur,
590 3027 780 3084 inveniuntur
803 3044 868 3098 sex,
890 3030 1082 3104 beneficiarius
1101 3030 1241 3103 praefecti
1261 3029 1285 3099 Ι,
1304 3029 1355 3099 14,
1378 3033 1454 3104 optio
1472 3029 1571 3099 1,29;
1593 3031 1672 3103 siqui·
1738 3075 1739 3078 ,

341 3132 402 3205 seri
422 3129 480 3188 duo
503 3130 528 3200 Ι,
546 3127 593 3186 12.
611 3127 664 3201 243
688 3132 854 3188 tesserarios
875 3129 900 3200 I,
917 3127 971 3202 27;
993 3129 1102 3188 helicen
1123 3130 1148 3201 Ι,
1165 3129 1193 3202 7,
1217 3130 1279 3188 noti
1301 3148 1404 3188 omues
1427 3143 1457 3188 et
1478 3131 1629 3208 vulgares.
1738 3183 1739 3200 ,

776 5182 877 5232 Formis
896 5181 1060 5236 Academicis
1080 5181 1237 5250 (111031).
