3628 5954
114 398 138 448 u
664 393 868 445 ancur'rvs.
1408 378 1428 448 9

114 577 162 637 est.
186 567 262 645 qnod
284 569 410 628 duarum
434 568 585 645 legionum
606 567 717 626 milites
745 576 951 639 recensentem
980 587 1049 626 nam
1077 587 1096 625 a
1117 567 1250 628 Traiano
1276 571 1347 629 inde
1374 589 1432 629 una

115 672 176 744 sola,
196 671 311 732 scilicet
324 671 355 728 II
370 671 513 743 Traiana,
535 673 705 747 Aegyptum
727 670 929 749 praesedit1).
966 672 1046 729 Ante
1068 690 1135 730 eum
1158 680 1237 729 certe
1259 674 1433 750 atenrpori-

114 777 159 834 bns
179 774 289 832 Tiberii
313 772 404 849 (teste
426 772 533 831 Tacito
556 791 624 830 ann.
641 773 669 846 4,
687 771 719 848 5)
744 772 819 831 duae
841 773 976 851 legiones
998 774 1169 850 Aegyptum
1192 782 1360 848 tenuerunt,
1384 775 1432 834 III

114 877 267 956 Cyrenaica
293 885 323 934 et
344 874 440 933 XXII
463 874 671 948 Deiotariana,
703 875 789 951 eique
817 874 996 934 ordinationi
1023 875 1126 935 titulus
1150 874 1330 952 Coptitanus
1359 880 1430 937 satis

114 979 269 1058 respondet.
306 975 367 1038 Sed
390 977 478 1036 etiam
500 977 608 1036 melius
631 978 658 1035 ei
680 977 831 1054 aptabitur
854 997 930 1055 quac
952 979 1006 1037 snb
1026 981 1165 1058 Augusto
1185 980 1321 1052 obtinuit,
1344 981 1432 1040 nobis
1487 956 1495 965 ’

114 1083 274 1142 adumbrata
296 1081 334 1140 ab
357 1099 414 1138 nno
438 1077 585 1140 Strabone
610 1077 757 1152 17‚1‚12
779 1100 809 1158 p.
827 1079 903 1138 797:
932 1069 1046 1139 ἔστιδὲ
1072 1071 1120 1138 καὶ
1147 1084 1346 1164 στρατιωτικοῦ
1371 1073 1433 1166 τρία

113 1176 248 1261 τάγματα,
276 1169 313 1240 aiv
334 1177 366 1240 τδ
389 1170 419 1239 ἓν
439 1175 515 1239 κατὰ
538 1176 588 1252 τὴν
609 1171 692 1239 πᾶλιν
717 1174 840 1264 ἵδρυται,
867 1169 963 1240 τᾶλλα
989 1177 1014 1241 δ’
1037 1181 1064 1241 ἐν
1089 1185 1125 1262 τῇ
1151 1173 1252 1267 χώρᾳ·
1281 1174 1373 1267 χωρὶς
1402 1172 1433 1242 δὲ

113 1277 202 1345 τούτων
223 1275 302 1344 invia
322 1276 371 1354 μέν
392 1283 444 1342 εἴτι
466 1286 577 1366 σπεῖραι
601 1281 759 1354 Ῥωμαίων,
785 1285 856 1366 τρεῖς
878 1272 926 1354 μὲν
948 1282 975 1342 ἕν
997 1287 1032 1362 τῇ
1055 1277 1147 1353 πόλει,
1168 1287 1239 1368 τρεῖς
1262 1281 1290 1344 δ’
1312 1277 1356 1343 ἐπὶ
1378 1287 1433 1344 ταῖν

113 1383 168 1471 ἔριον
187 1390 235 1459 τῆς
250 1378 410 1448 Αἰθιοπίας
431 1385 457 1443 ἒν
473 1377 568 1463 Συήνῃ
591 1379 701 1469 φρουροὶ
724 1391 780 1448 τοῖς
801 1377 898 1448 τᾶποις
919 1387 968 1463 (cf.
989 1388 1035 1460 17,
1054 1391 1081 1460 l,
1097 1390 1136 1448 48
1157 1409 1187 1466 p.
1201 1389 1286 1466 817),
1309 1391 1379 1472 τρεῖς
1402 1376 1433 1445 δὲ

112 1485 175 1548 sarci
195 1483 243 1561 rein
266 1478 358 1560 ἄλλην
379 1480 501 1570 χώραν·
528 1477 581 1545 siai
604 1476 634 1545 db
656 1479 704 1544 uni
725 1481 884 1570 ἱππαρχίαι
906 1492 976 1571 τρεῖς
997 1485 1097 1556 ὅμοίως
1119 1483 1336 1566 διατεταγμέναι
1357 1485 1434 1548 κατὰ

111 1589 166 1654 τους
179 1583 348 1670 ἐπικαιρίους
362 1584 476 1653 τόπους.
509 1592 604 1649 Addit
618 1591 678 1649 alio
694 1591 761 1651 loco
780 1592 827 1664 17,
845 1595 872 1663 l,
889 1591 928 1649 30
944 1612 972 1668 p.
987 1593 1046 1652 807
1064 1613 1153 1652 unam
1169 1595 1317 1672 legionem
1333 1601 1434 1652 castra

112 1697 238 1756 habuisse
261 1695 419 1770 Babylone
441 1711 535 1771 prope
550 1693 712 1770 Memphin.
748 1694 832 1752 Inter
854 1703 913 1752 tres
935 1695 1069 1771 legiones
1092 1715 1144 1756 eas
1166 1696 1261 1755 fuisse
1275 1695 1325 1753 III
1341 1694 1434 1772 Cyre·

113 1799 213 1857 haicam
236 1805 268 1856 et
281 1795 380 1855 XXII
395 1795 621 1854 Deiotarianam
643 1805 677 1853 nt
698 1797 770 1854 satis
792 1805 904 1855 certum
926 1805 982 1870 est,
1006 1799 1046 1856 ita
1068 1800 1156 1857 tertia
1177 1817 1325 1874 quaenam
1344 1798 1435 1856 fuerit

112 1902 261 1978 ignoratur.
306 1900 415 1957 Aetate
437 1895 605 1969 Strabonis,
629 1898 679 1974 qni
703 1917 730 1955 a.
747 1920 773 1957 u.
790 1918 815 1956 c.
829 1898 889 1958 730
913 1902 1082 1979 Aegyptum
1106 1901 1179 1959 adiit
1201 1910 1231 1959 et
1253 1900 1372 1959 omnino
1396 1900 1434 1958 ad

112 2004 135 2062 id
153 2013 268 2081 tempus
291 2002 420 2060 maxIme
442 2001 490 2058 hic
512 1999 655 2077 respexit,
677 2019 744 2058 curn
765 2019 825 2059 una
839 2001 918 2078 legio
934 2003 1133 2078 cohortesque
1148 2011 1209 2062 tres
1226 2003 1434 2062 Alexandreae

112 2117 196 2165 casua
216 2107 372 2174 haberent,
394 2111 481 2162 extra
495 2103 717 2162 Alexandream
739 2102 815 2162 duae
832 2103 966 2182 legiones
982 2106 1136 2163 tenderent
1158 2114 1187 2163 et
1209 2106 1348 2164 cohortes
1370 2125 1434 2178 sex,

112 2209 226 2286 itemque
249 2215 282 2266 ut
304 2208 423 2266 videtur
444 2206 509 2265 alae
532 2215 606 2280 tres,
634 2224 813 2282 quamquam
837 2206 894 2282 viis
918 2209 1048 2284 Aegypti
1076 2207 1241 2284 superiorIs
1268 2209 1435 2268 muniendis

112 2311 151 2386 (cc
171 2313 248 2371 enirn
271 2310 393 2370 titulum
415 2309 566 2388 pertinere
587 2309 666 2367 infra
688 2308 952 2385 demonstrabitur)
980 2310 1068 2368 etlam
1091 2309 1200 2369 milites
1223 2310 1435 2370 Alexandreae

112 2415 296 2472 consistentes
325 2420 405 2472 recte
431 2411 567 2470 adhiberi
593 2419 768 2487 potuerant,
801 2412 898 2488 magis
926 2419 994 2488 apte
1026 2412 1058 2470 id
1090 2431 1165 2488 opus
1198 2414 1436 2472 committebatur

112 2517 265 2596 legionibus
289 2515 408 2574 duabus
431 2531 591 2590 earumque
614 2513 734 2573 auxilIIs
750 2522 836 2572 extra
852 2516 951 2573 urbem
967 2514 1166 2574 tendentibus.
1203 2515 1240 2573 Id
1255 2523 1288 2574 ut
1302 2517 1436 2594 Augusti

113 2629 196 2679 aetate
223 2619 369 2691 obtinuit,
402 2619 444 2676 ita
469 2618 640 2676 necessario
666 2623 814 2674 mutatum
841 2627 888 2675 est
914 2636 975 2674 nna
1001 2636 1039 2675 ex
1066 2617 1161 2675 tribus
1194 2617 1363 2694 legionibus
1396 2639 1435 2678 ex

113 2723 236 2801 Aegypto
259 2720 399 2780 abducta.
436 2717 496 2780 Sed
517 2720 614 2796 magis
637 2718 812 2778 crediderim
834 2720 991 2777 imminuto
1006 2720 1140 2778 exercitu
1151 2720 1340 2798 Aegyptiace
1355 2721 1435 2797 quod

113 2826 265 2900 posteriore
293 2831 429 2900 tempore
457 2821 586 2880 obtinuit
617 2831 650 2879 ut
681 2831 783 2880 castra
814 2820 981 2898 legionaris
1008 2825 1166 2901 Aegyptus
1199 2822 1283 2880 nulla
1314 2823 1437 2882 haberet

113 2937 216 3003 praeter
241 2924 466 2996 Alexandrina,
491 2923 522 2981 id
550 2944 586 2982 eo
613 2933 746 2999 tempore
773 2924 923 2999 coepIsse,
951 2924 1099 2983 translato
1124 2924 1349 2983 Alexandream
1376 2944 1436 2984 non

114 3031 188 3088 nnius
209 3027 337 3106 legionis
359 3026 511 3105 praetorio
535 3027 610 3097 solo,
634 3026 686 3085 sed
710 3026 845 3084 duarum.
882 3026 918 3084 In
941 3026 1028 3084 titulo
1044 3027 1231 3106 Pergameno
1247 3024 1282 3085 C.
1299 3026 1359 3098 III,
1375 3027 1435 3087 399

114 3143 170 3190 ante
194 3129 356 3192 Claudium
384 3129 493 3204 scripto
522 3127 567 3186 vel
594 3129 649 3186 snb
679 3125 807 3187 Claudio
835 3127 918 3204 (narn
945 3129 1092 3206 legionem
1120 3130 1185 3188 IllI
1213 3129 1436 3188 Macedonicam

114 3233 226 3293 collocat
257 3235 291 3293 in
319 3231 481 3309 Hispania)
514 3231 595 3307 qnod
628 3231 764 3290 tribunus
797 3231 925 3289 militum
959 3240 1141 3290 memoratur
1165 3231 1366 3290 Alenaadreae
1398 3233 1438 3290 acl

114 3337 259 3413 Aegyptum
288 3336 406 3412 legionis
427 3332 531 3392 XXII
552 3351 619 3391 ann.
642 3333 735 3404 VIII,
768 3340 870 3410 potest
894 3333 998 3392 referri
1032 3334 1121 3392 etiam
1156 3335 1193 3394 ad
1220 3335 1436 3393 ordinationem

114 3446 263 3498 carnorum
287 3437 543 3514 Aegyptiacorum
567 3455 631 3494 eam
658 3453 746 3510 quarn
771 3433 880 3494 Strabo
908 3446 1042 3509 enarrat3
1075 3445 1105 3496 at
1132 3437 1187 3496 sub
1209 3435 1331 3496 Nerone
1358 3444 1437 3495 certe

115 3549 224 3618 utruque
238 3540 319 3618 legio
332 3538 543 3598 Alexandreae
558 3537 744 3596 consistebat
759 3537 918 3613 (losephus
935 3538 1003 3596 bell.
1022 3537 1050 3610 Ι,
1068 3539 1115 3611 18,
1133 3539 1164 3614 8)
1181 3539 1383 3614 habemusque
1398 3557 1438 3597 ex

115 3645 206 3703 cestris
222 3641 439 3703 AlexandrinIs
461 3641 564 3699 titulos
587 3649 648 3698 tam
664 3639 760 3697 XXII
775 3638 988 3698 Deiotarianae
1010 3659 1101 3716 qnam
1117 3640 1165 3699 111
1180 3638 1374 3717 Cyrenaicae.
1397 3675 1435 3683 —

117 3743 249 3823 legiones
278 3746 356 3804 duae
383 3751 414 3803 et
440 3744 506 3802 alae
532 3752 610 3815 tres,
644 3760 721 3818 quae
748 3743 821 3800 haec
848 3760 941 3818 opera
966 3743 1114 3818 fecerunt,
1148 3761 1292 3820 quaenam
1319 3744 1437 3816 fuerint,

117 3845 236 3908 laterculi
258 3847 407 3923 reliquiae
429 3864 489 3904 non
511 3845 682 3915 enuntiant;
710 3865 748 3902 ex
770 3845 936 3904 cohortibus
960 3855 1073 3922 septem
1099 3865 1174 3922 quae
1204 3865 1276 3917 una,
1304 3855 1335 3904 nt
1362 3845 1437 3916 dixi,

118 3961 239 4026 superest
263 3951 280 4008 1
309 3949 532 4021 Thebaeorum,
558 3947 616 4006 fuit
641 3948 719 4006 inter
745 3946 898 4005 tendentes
925 3947 964 4005 ad
991 3945 1109 4026 Syenen
1137 3946 1178 4024 (v.
1195 3945 1230 4006 0.
1247 3947 1270 4004 Ι.
1290 3945 1328 4006 G.
1345 3947 1437 4008 5052.

118 4049 196 4112 5053.
213 4052 321 4128 5054).

151 4153 193 4213 lta
216 4173 276 4231 qno
303 4154 438 4213 ducimur
464 4152 581 4212 titulum
611 4152 754 4229 scriptum
781 4169 849 4210 esso
878 4153 1014 4232 Augusto
1042 4153 1190 4230 principe,
1225 4153 1256 4211 id
1282 4154 1439 4211 confirmat

119 4258 252 4316 nominum
275 4257 355 4316 ratio
378 4255 489 4314 tamin
512 4255 740 4332 cognominibus
763 4274 851 4332 quam
873 4255 903 4312 in
918 4255 1087 4332 gentiliciis.
1126 4255 1247 4316 Scilicet
1262 4256 1438 4332 cognomine

118 4375 280 4435 quamquam
304 4368 429 4418 utuntur
450 4359 639 4418 centuriones
661 4365 722 4415 tres
745 4358 796 4434 qui
818 4366 978 4434 supersunt
999 4358 1029 4415 in
1052 4376 1178 4416 recensu
1200 4358 1320 4416 tabulae
1340 4367 1439 4434 poste-

119 4463 193 4520 rioris
208 4461 236 4535 I,
253 4465 281 4522 3.
299 4463 326 4521 4.
345 4463 374 4535 5,
396 4463 466 4520 item
488 4479 526 4521 ex
550 4460 671 4518 tabulae
693 4459 802 4536 prioris
825 4461 965 4518 centuriis
989 4477 1043 4518 sex
1065 4469 1094 4517 ct
1116 4461 1236 4538 triginta
1251 4462 1438 4519 centuriones

120 4571 186 4622 certe
206 4565 347 4624 tredecIm
376 4563 505 4640 (seilicet
527 4582 544 4621 a
568 4562 744 4639 cognomine
765 4561 881 4621 adiecto
902 4562 1055 4639 gentilicio
1077 4571 1286 4640 nuncupantur
1311 4563 1386 4622 duae
1412 4565 1439 4636 l,

169 4813 190 4878 ¹)
209 4815 285 4878 Quod
303 4817 394 4868 scribit
411 4816 592 4881 DesjardInius
612 4833 637 4882 p.
653 4817 721 4866 223:
750 4816 777 4866 la
795 4812 883 4865 XXII
887 4824 900 4850 ⁶
925 4813 1095 4866 Deiotariana
1109 4816 1264 4884 primlqear'a
1283 4817 1334 4883 pia
1351 4815 1440 4883 fidelis

116 4904 152 4968 fl!
166 4907 299 4976 ωρρτὺιιέο
319 4926 378 4960 sores
390 4907 467 4960 Marc
481 4906 582 4971 Aarirle,
602 4909 757 4960 contrarium
777 4916 816 4958 est
834 4909 952 4974 opinioni
972 4909 1050 4959 hodie
1069 4916 1187 4974 receptae
1204 4915 1230 4956 et
1244 4910 1350 4958 omnino
1365 4924 1440 4959 verae

123 4995 193 5051 XXII
210 5001 396 5052 DeiotarIanae
415 5002 461 5051 snb
481 5003 596 5052 Traiano
615 5009 797 5052 exauctoratae
816 5001 978 5052 substitutam
997 5016 1053 5051 esse
1078 5002 1106 5051 11
1125 5002 1275 5052 Traianum.
1317 5001 1440 5066 Disputa-

125 5087 182 5141 bitur
198 5093 229 5144 de
248 5111 275 5145 re
295 5110 352 5146 cnm
372 5101 523 5160 argumenta
542 5094 643 5160 prolate
662 5101 748 5158 erunt;
774 5108 845 5146 mera
864 5093 1025 5144 adseveratio
1044 5093 1225 5144 refutationem
1249 5109 1301 5145 non
1324 5093 1439 5159 requirit.
