3524 5932
336 403 408 478 tto
911 427 1095 479 uronnsuu

337 601 416 658 tulae
438 602 534 660 tribus
563 603 610 660 his
641 604 731 661 oflicii
758 603 935 680 primatibus
948 602 976 678 1)
1010 601 1105 680 magis
1133 602 1290 661 solvuntur
1317 612 1440 680 propter
1465 603 1563 662 locum
1589 623 1660 680 quem

340 713 441 762 tenent
462 723 551 778 quam
575 713 699 781 propter
721 724 842 780 operam
865 723 954 780 quam
977 703 1161 781 impendunt.
1184 737 1224 746 -
1250 705 1301 763 Ad
1323 705 1378 764 hos
1401 706 1515 764 accedit
1540 717 1663 765 executor

337 805 402 881 ipse
426 805 466 881 (v.
484 807 521 864 48
540 807 625 883 seq.)
651 840 690 850 -
714 806 874 882 Sportulae
897 814 995 864 autem
1020 807 1062 863 sic
1085 806 1267 879 dividuntur,
1290 815 1322 865 ut
1342 826 1397 884 pro
1421 807 1552 883 simplici
1572 809 1661 868 itinere

337 908 417 966 facto
439 908 519 965 intra
548 911 712 981 civitatem,
742 909 771 967 in
801 929 859 984 qua
884 909 1024 967 iudicium
1053 909 1200 981 redditur,
1230 909 1354 984 principi
1385 910 1523 968 solvatur
1548 912 1661 986 pretium

337 1010 504 1068 modiorum
534 1012 623 1069 tritici
654 1013 799 1088 quinque,
833 1011 1030 1070 corniculario
1060 1011 1186 1086 pretium
1219 1011 1386 1070 modiorum
1419 1012 1546 1070 duorum
1575 1015 1663 1082 semis,

337 1114 594 1170 commentariensi
624 1114 814 1185 tantundem,
843 1114 994 1173 executori
1023 1113 1189 1172 modiorum
1216 1113 1352 1172 duorum.
1403 1120 1563 1192 Augentur
1593 1133 1664 1192 spor·

337 1215 415 1272 tulae
442 1217 555 1291 puriter
582 1226 670 1291 atquc
693 1217 809 1275 itineris
839 1217 937 1293 spatia
965 1225 1116 1285 crescunt,
1146 1223 1178 1274 ut
1204 1234 1258 1291 per
1285 1217 1363 1275 dena
1389 1216 1472 1275 milia
1498 1217 1561 1274 bini
1588 1219 1667 1276 modii

338 1318 480 1394 principi,
513 1319 624 1394 singuli
657 1319 854 1377 corniculario
887 1326 916 1376 et
944 1318 1205 1376 commentariensi
1241 1317 1424 1386 adimantum
1463 1319 1592 1395 denique
1622 1340 1664 1394 pro

337 1419 443 1476 itinere
468 1429 549 1478 trans
573 1439 654 1478 mare
678 1431 818 1497 suscepto
842 1423 981 1498 princeps
1004 1427 1119 1477 centum
1142 1420 1258 1478 modios
1280 1421 1421 1498 accipiat,
1449 1421 1509 1480 duo
1536 1421 1665 1498 primates

338 1531 499 1595 sequentes
522 1522 686 1580 dimidium.
735 1523 899 1580 Exeoutori
922 1541 1042 1598 quoque
1068 1521 1165 1581 simile
1192 1531 1383 1600 augmentum
1410 1524 1586 1582 attributum
1611 1543 1667 1582 esse

339 1631 427 1681 aucto
450 1625 553 1682 labore
576 1625 738 1683 verisimile
761 1633 820 1696 est,
849 1625 902 1682 sed
925 1625 956 1683 id
979 1633 1068 1701 caput
1090 1633 1141 1682 aut
1167 1624 1359 1703 neglegenter
1385 1625 1530 1684 omissum
1558 1635 1604 1682 est
1626 1644 1670 1690 aut

340 1724 495 1800 legebatur
528 1727 557 1784 in
591 1727 692 1804 lapide
725 1727 785 1804 alio
818 1727 908 1785 hodie
941 1726 1103 1803 deperdito.
1146 1760 1184 1770 -
1229 1727 1312 1785 Haeo
1346 1727 1509 1786 utilissima
1542 1739 1609 1786 sunt
1637 1729 1668 1785 ad

341 1829 542 1902 sportularum
565 1829 626 1886 litis
649 1828 815 1904 primordia
837 1829 1060 1905 cognoscenda3
1089 1827 1185 1886 adhuc
1211 1846 1288 1903 quae
1314 1829 1350 1886 de
1376 1849 1412 1886 ea
1437 1849 1470 1886 re
1498 1829 1669 1890 habebamus

341 1931 562 1990 commodorum
586 1931 705 2006 quidem
730 1931 858 1989 maxime
880 1930 1025 2008 principis
1048 1931 1226 1988 mentionem
1248 1930 1412 2006 iniciunt)
1436 1941 1466 1988 et
1487 1931 1545 1989 hoe
1559 1950 1669 2007 quoque
1751 1953 1752 1958 ¹

341 2039 508 2090 monstrant
529 2034 680 2109 sportulas
701 2033 780 2090 inter
801 2033 920 2091 diversa
947 2031 1119 2090 officialium
1147 2051 1258 2110 genera
1284 2033 1445 2091 distributa
1473 2033 1599 2110 esse³),
1625 2033 1669 2092 sed

342 2143 482 2194 accurata
504 2145 533 2192 et
555 2135 643 2210 plena
664 2134 707 2192 rei
722 2135 830 2193 notitia
845 2135 1090 2208 destituebamur,
1114 2135 1252 2210 quoniam
1269 2135 1399 2210 quaeda
1416 2136 1562 2212 sportulis
1577 2147 1671 2212 postea

341 2238 421 2295 latae
444 2245 513 2296 sunt
535 2239 616 2316 leges
639 2237 770 2313 potiores
792 2238 953 2312 perierunt.
999 2235 1087 2310 Quod
1110 2244 1215 2314 postea
1236 2236 1375 2310 obtinuit,
1399 2246 1432 2294 ut
1453 2238 1492 2294 ad
1516 2238 1580 2296 litis
1601 2257 1671 2296 sum·

342 2359 420 2398 mam
444 2340 596 2415 sportulae
618 2347 796 2410 crescerent,
820 2340 950 2416 exempli
973 2357 1064 2397 causa
1086 2348 1119 2397 ut
1141 2338 1179 2396 ad
1202 2346 1319 2398 centurn
1344 2339 1459 2398 solidos
1483 2357 1580 2415 usque
1599 2339 1672 2398 dimi·

343 2443 424 2500 dium
448 2443 576 2501 solidum
600 2453 742 2501 executor
764 2442 927 2518 acciperet,
955 2451 1078 2518 propter
1101 2440 1242 2499 maiorem
1266 2458 1412 2499 summam
1440 2441 1594 2520 sportulas
1620 2461 1673 2500 ma·
1756 2457 1757 2460 ’

343 2545 471 2620 iores⁴),
494 2545 602 2604 Iuliani
625 2553 758 2621 tempore
782 2555 908 2621 apparet
928 2543 1060 2602 nondum
1082 2550 1232 2619 receptum
1255 2542 1359 2602 fuisse.

387 2646 584 2707 Scholasticis
613 2647 676 2705 siue
704 2647 859 2704 advocatis
889 2654 919 2703 et
947 2645 1172 2722 exceptoribus,
1198 2645 1269 2703 item
1297 2663 1353 2722 pro
1381 2646 1485 2703 charta
1516 2664 1593 2722 quae
1622 2645 1673 2704 sol·
1758 2673 1759 2686 ι

344 2750 441 2807 venda
464 2757 546 2821 sunt,
575 2749 706 2826 pendent
728 2769 746 2805 a
773 2765 880 2824 genere
910 2747 1050 2819 actionis;
1085 2747 1307 2823 distinguuntur
1334 2747 1411 2806 enim
1440 2747 1499 2806 tria
1524 2750 1675 2824 postulatio
1759 2805 1760 2810 1

344 2853 463 2927 airuplex
490 2849 530 2925 (r.
549 2851 587 2910 26
616 2858 645 2908 et
669 2850 802 2908 fortasse
828 2870 855 2908 v.
873 2848 926 2926 tt)
954 2851 1019 2909 sive
1042 2849 1198 2925 postulatio
1225 2849 1305 2908 nude
1334 2850 1376 2924 (v.
1393 2848 1460 2927 34);
1498 2853 1674 2909 contradictio

345 2953 386 3030 (v.
404 2952 452 3012 29.
470 2953 518 3011 37.
535 2952 602 3029 43);
637 2953 753 3011 accedit
774 2953 805 3011 in
828 2952 1005 3010 scholastico
1033 2949 1152 3027 (causa)
1179 2956 1207 3010 in
1236 2956 1369 3028 arguenti
1395 2971 1468 3029 qaae
1486 2953 1617 3028 finienda
1643 2957 1676 3008 ait

344 3055 386 3131 (v.
401 3055 465 3130 31),
488 3055 518 3114 in
540 3064 700 3133 exceptore
722 3063 753 3114 et
774 3055 924 3113 chartario
946 3053 1066 3113 nomine
1089 3071 1179 3111 caasa
1195 3055 1310 3130 desinita
1332 3053 1372 3128 (v.
1386 3054 1440 3130 31)
1464 3054 1529 3114 sive
1544 3055 1675 3130 definitum

344 3162 486 3234 negotium
509 3157 551 3233 (v.
569 3158 633 3234 44).

387 3259 626 3319 Postulationem
651 3259 857 3336 simplicem⁵)
890 3258 968 3334 quod
996 3259 1039 3316 ita
1066 3257 1200 3317 videmus
1230 3258 1295 3316 fieri
1323 3258 1402 3334 apud
1430 3268 1499 3317 acta
1534 3259 1578 3334 (id
1603 3258 1674 3316 enim

405 3455 430 3518 ¹)
450 3458 575 3510 Similiter
593 3457 731 3506 seeundum
752 3457 832 3520 legem
853 3470 877 3505 a.
891 3457 944 3505 409
966 3455 995 3505 C.
1011 3455 1061 3505 Th.
1079 3455 1120 3516 16,
1142 3455 1166 3515 5,
1185 3455 1221 3505 46
1243 3454 1357 3504 officium
1376 3455 1469 3505 iudicis
1498 3455 1536 3516 (id
1556 3463 1591 3506 est
1610 3469 1676 3520 prae·

346 3548 419 3609 sidia)
440 3549 558 3613 plectitur
577 3549 667 3613 viginti
686 3547 758 3598 libris
778 3549 832 3598 auri
849 3548 949 3614 punitis
968 3543 1049 3596 tribua
1062 3544 1224 3614 prioratibus.
1261 3545 1302 3596 cf.
1323 3543 1466 3597 Cod.1ust.
1484 3551 1508 3609 l,
1530 3548 1573 3608 51,
1587 3549 1610 3598 8.
1638 3549 1675 3606 tt,

348 3643 391 3705 19,
407 3643 431 3691 2.
454 3643 496 3703 12,
515 3642 558 3702 59,
582 3642 614 3690 10
629 3656 667 3705 pr.

405 3731 430 3795 ²)
451 3733 625 3784 Gothoiredus
643 3733 678 3782 ad
698 3732 728 3783 C.
743 3733 793 3783 Th.
808 3732 833 3794 6,
855 3733 898 3793 28,
914 3731 939 3780 3.

391 3824 430 3898 ¹³)
449 3825 602 3876 Perturbata
620 3831 679 3874 sunt
693 3833 721 3874 ut
733 3826 833 3890 reliqua
847 3823 935 3873 omnia
948 3825 1002 3874 eiua
1016 3825 1094 3874 etiam
1109 3837 1173 3889 quae
1186 3825 1219 3874 de
1232 3824 1354 3888 sportulis
1368 3825 1446 3874 tradit
1458 3825 1588 3874 Iohannes
1596 3823 1677 3888 Lydus

347 3921 379 3968 de
399 3933 466 3982 mag.
487 3919 517 3980 3,
538 3919 580 3966 24.
626 3917 773 3969 Secundum
792 3931 850 3966 eum
870 3917 982 3980 pertinet
1004 3917 1037 3966 ad
1057 3917 1197 3981 principem
1221 3906 1301 3978 ἧτὸν
1320 3913 1460 3984 μονομερῦν
1479 3913 1595 3986 lunxe&
1612 3914 1678 3962 clea-

347 3999 422 4078 yaya',
444 4011 535 4074 quibus
555 4025 587 4059 ex
607 4011 728 4074 sportulis
747 4009 915 4058 comicularlo
935 4009 1042 4074 siugulis
1061 4009 1192 4059 mensibus
1211 4009 1325 4073 singulas
1344 4010 1400 4058 auri
1418 4009 1498 4059 libras
1518 4008 1602 4070 solvit,
1621 4007 1678 4056 item

347 4103 453 4168 reliquis
473 4102 626 4151 officialibus
646 4101 737 4166 quibus
757 4102 783 4150 in
804 4115 847 4150 eas
865 4103 905 4150 ius
924 4109 963 4151 est
986 4107 1071 4165 partes
1095 4115 1154 4150 suas
1177 4100 1266 4150 tribuit
1290 4097 1364 4160 (πᾶσι
1382 4103 1436 4158 τοῖς
1462 4097 1488 4149 la
1510 4089 1599 4166 τέξεις
1620 4083 1678 4148 κοτὲ

349 4184 483 4260 συνήθειαν
502 4183 663 4260 λαμβάνουσι
682 4181 770 4262 μοῒρᾶν
788 4209 842 4242 τινα
861 4191 906 4242 τῶν
925 4181 1005 4260 πὸρων
1025 4227 1050 4243 ..
1073 4178 1171 4240 baddam
1188 4179 1220 4241 ad
1241 4180 1371 4255 alanra).
1410 4193 1581 4244 cornicularii
1597 4199 1678 4242 auten

348 4296 387 4338 est
406 4275 467 4356 μετιῖ
485 4273 528 4349 aab
548 4283 573 4335 lx
591 4282 635 4334 τοῦ
654 4284 760 4352 βαθμοῦ
779 4281 820 4334 acl
837 4282 884 4335 att
904 4275 990 4335 altam
1009 4281 1098 4351 κερδῶν
1111 4277 1246 4352 προνομίαν
1262 4273 1295 4333 ad
1312 4281 1422 4354 κληροῦν
1435 4281 1473 4334 δι’
1491 4275 1677 4344 olusiardxarr-

349 4369 473 4448 paa‘mac
491 4366 524 4428 rai
542 4365 706 4445 πραπὸμινα,
728 4378 797 4427 unde
815 4379 931 4442 redigere
951 4379 1017 4427 solet
1035 4376 1106 4427 mille
1125 4377 1204 4427 libras
1223 4378 1279 4426 auri
1298 4393 1406 4428 annuas.
1439 4380 1510 4428 Haec
1529 4378 1633 4428 namna
1652 4385 1677 4424 ut

350 4473 536 4523 distributionis
556 4472 727 4536 sportularum
748 4471 815 4520 inter
833 4470 957 4520 officiales
977 4470 1089 4535 aliquam
1110 4471 1229 4521 notitiam
1249 4471 1403 4536 suppeditat,
1424 4472 1461 4520 ita
1474 4485 1490 4520 a
1502 4479 1586 4520 nostro
1597 4469 1676 4518 edicto

349 4581 401 4616 non
422 4573 537 4630 ternpore
556 4565 650 4626 solum,
675 4562 720 4612 sed
739 4578 767 4612 re
786 4577 889 4628 quoque
911 4561 1044 4622 abhorret;
1069 4569 1166 4626 spectat
1185 4562 1253 4611 enim
1274 4562 1307 4612 ad
1331 4562 1447 4612 osticium
1472 4563 1589 4629 praetecti
1607 4575 1677 4624 prae·

349 4658 418 4708 torio
437 4664 462 4707 et
482 4656 515 4706 ad
534 4655 670 4706 commoda
689 4669 742 4704 non
760 4655 843 4706 litium
863 4656 926 4718 sola,
947 4655 992 4706 sed
1012 4654 1063 4704 alia
1083 4669 1184 4719 quoque
1204 4654 1312 4704 diversa.

408 4748 433 4812 ⁴)
454 4749 613 4814 Theophilus
633 4749 692 4797 inst.
707 4749 732 4808 4,
753 4746 778 4810 6,
800 4747 844 4796 at.

409 4841 432 4903 ⁵)
452 4840 595 4892 Postulatio
614 4840 720 4907 simplex
742 4840 834 4902 legitur
857 4839 935 4888 etiarn
962 4838 989 4887 in
1010 4839 1192 4889 constitutione
1215 4840 1304 4891 Severi
1330 4839 1407 4901 (Cod.
1421 4841 1484 4890 Inst.
1501 4841 1526 4902 3,
1540 4841 1563 4900 9,
1579 4837 1611 4898 l):
1638 4849 1678 4883 rea

350 4936 378 4984 ia
397 4933 517 4984 iudicium
536 4933 644 4983 deducta
662 4947 711 4981 nan
729 4929 837 4991 videtur,
865 4931 889 4980 ai
907 4937 1001 4980 tantam
1017 4930 1157 4998 postulatio
1182 4930 1288 4999 n'mplex
1312 4929 1440 4982 celebrata
1463 4933 1498 4982 sit
1520 4931 1559 4982 cel
1578 4929 1678 4980 actionis

351 5027 447 5094 speclea
466 5032 523 5075 anta
542 5023 662 5074 indiciam
681 5039 723 5074 reo
743 5024 854 5090 cognita.
893 5024 958 5072 inter
978 5022 1045 5073 litem
1063 5023 1125 5074 enim
1145 5030 1307 5074 contestatam
1330 5030 1354 5074 et
1377 5021 1470 5074 editam
1495 5025 1604 5076 aetiam
1616 5034 1675 5085 pet·

351 5118 451 5169 maltam
476 5118 590 5168 intereat:
620 5117 660 5169 lec
682 5118 746 5168 enim
771 5123 828 5168 tuac
855 5114 954 5166 uidetur
981 5122 1132 5178 contestata,
1162 5133 1214 5168 cum
1237 5115 1314 5168 iudex
1329 5131 1381 5188 per
1404 5117 1568 5168 amabam
1587 5112 1678 5178 uptiis
