3574 5942
359 449 428 518 112
934 468 1116 520 Mouusuu

1569 573 1680 583 ——-

287 719 288 722 Ἴ
354 650 584 699 consentaneum
609 648 663 698 est.
698 641 913 699 Procuratores
928 643 1083 717 regionum
1099 643 1158 700 duo
1174 660 1299 718 quorum
1315 642 1384 701 inde
1399 643 1500 720 elogia
1514 644 1681 720 prodierunt

354 742 485 801 libertini
509 751 578 803 sunt
599 750 628 801 et
649 743 742 801 infimi
767 743 896 813 ordinis,
930 744 1034 820 quales
1057 754 1213 821 praeterea
1234 745 1372 804 novimus
1395 745 1490 804 saltus
1512 745 1680 820 Massipiaui

354 853 383 902 et
405 845 519 903 castelli
543 841 769 919 Burunitaui¹).
814 844 929 903 Horum
952 847 1089 904 condicio
1114 865 1262 922 quaenam
1288 847 1393 920 fucrit,
1422 847 1623 920 illustrabitur
1646 847 1680 906 iis

355 964 431 1021 quae
452 965 523 1004 mox
545 947 687 1004 dicentur.

398 1048 575 1106 Adiutorum
597 1049 736 1107 tabularii
760 1049 824 1106 sive
847 1050 1062 1108 tabulariorum
1086 1049 1168 1124 (uam
1191 1061 1221 1110 et
1243 1052 1404 1131 singularis
1422 1060 1450 1110 et
1465 1051 1590 1128 pluralis
1604 1069 1678 1128 repe·

353 1151 430 1207 riter
451 1150 649 1227 perscriptus)
672 1169 739 1207 cum
763 1169 899 1229 magnam
923 1153 1040 1228 copiam
1063 1151 1142 1209 tituli
1165 1159 1224 1211 tam
1241 1153 1339 1212 Italici
1361 1173 1450 1230 quam
1467 1153 1679 1229 provinciarum

356 1252 558 1328 suppeditent,
591 1252 641 1329 qui
670 1272 770 1311 eorum
798 1255 828 1312 in
856 1254 964 1312 officiis
992 1253 1114 1312 urbanis
1142 1263 1313 1326 versantur,
1346 1256 1376 1314 id
1403 1256 1501 1331 ipsum
1530 1273 1591 1314 uon
1619 1273 1680 1314 raro

355 1353 523 1425 enuntiant,
557 1353 732 1428 praesertim
765 1356 1028 1414 honoratissimum
1062 1356 1194 1414 omnium
1225 1376 1244 1414 a
1276 1356 1496 1434 rationibus²)‚
1533 1357 1587 1415 sed
1616 1358 1680 1415 item

354 1455 513 1514 vicesimae
535 1455 784 1532 hereditabunt)
817 1458 948 1534 aliaque;
982 1466 1086 1516 contra
1108 1460 1158 1535 qai
1181 1458 1353 1518 ministrant
1378 1461 1410 1519 in
1434 1459 1595 1518 tabulariis
1620 1477 1680 1535 pro·

354 1557 533 1631 vincinam,
566 1565 683 1633 praeter
705 1559 931 1635 provinciam4)
965 1577 1072 1618 munus
1095 1560 1293 1620 determinare
1315 1581 1374 1620 non
1398 1562 1510 1635 solent,
1544 1570 1574 1620 et
1601 1561 1681 1638 primi

356 1667 426 1716 sunt
448 1659 477 1716 ni
499 1659 590 1717 fallor
613 1659 672 1718 duo
694 1659 772 1718 tituli
795 1679 885 1738 supra
906 1661 993 1721 relati
1016 1672 1045 1720 et
1067 1663 1163 1722 adhuc
1185 1664 1252 1735 soli,
1275 1665 1326 1739 qui
1342 1664 1547 1740 exceptionem
1567 1663 1682 1722 faciant.

356 1760 548 1819 Tributorum
572 1771 671 1820 autern
694 1761 939 1835 additamentum,
961 1773 1102 1840 quantum
1126 1775 1260 1843 apparat,
1282 1766 1311 1824 id
1335 1765 1538 1825 tantummodo
1554 1767 1682 1825 enuntiat

355 1864 435 1939 quod
457 1863 494 1921 ad
517 1881 620 1922 ornnes
642 1865 697 1922 hos
719 1864 821 1924 titulos
843 1865 995 1942 pervenit3
1017 1885 1085 1925 nam
1108 1868 1289 1926 tabularium
1316 1878 1346 1927 et
1365 1869 1422 1927 hoc
1444 1874 1474 1928 et
1488 1867 1605 1945 reliqua
1619 1887 1681 1944 pro-

356 1965 496 2023 vincialia
518 1965 694 2024 tributorum
717 1984 810 2025 eausa
830 1968 993 2026 constituta
1008 1978 1087 2026 arant.
1103 2002 1143 2012 -
1159 1968 1272 2029 Contra
1286 1973 1403 2030 adiutor
1417 1970 1545 2028 tabulari
1558 1989 1576 2028 a
1591 1987 1683 2028 mmet

363 2067 486 2142 Vupcaai
507 2075 537 2125 et
558 2087 593 2126 eo
617 2069 735 2127 nomine
758 2087 776 2125 a
797 2068 920 2144 collegis
941 2069 1048 2142 differt,
1071 2071 1150 2147 quod
1172 2072 1329 2131 libertinus
1351 2080 1408 2143 est,
1430 2073 1536 2148 reliqui
1560 2091 1619 2131 uno
1634 2090 1683 2131 ex·

356 2178 442 2246 cepto
465 2170 553 2242 servi,
577 2177 606 2228 et
625 2171 809 2247 aliquantum
826 2170 897 2229 facit
912 2171 949 2229 ad
964 2172 1151 2231 tributariam
1167 2173 1457 2233 administrationem
1472 2173 1681 2232 elucidandam.

355 2269 503 2346 Iungandi
525 2281 623 2330 autem
647 2281 719 2330 sunt
739 2291 805 2330 cum
829 2273 885 2330 hoc
908 2273 992 2331 titulo
1019 2273 1070 2333 alii
1097 2275 1170 2346 duo,
1198 2276 1273 2335 alter
1299 2295 1338 2334 ex
1366 2275 1470 2334 eodem
1497 2283 1683 2335 monumento

356 2373 492 2449 prolatus
515 2374 724 2450 dispensatoria
745 2377 869 2450 capionis
892 2375 1077 2451 Tlnppeoaic,
1099 2396 1168 2434 uam
1190 2396 1295 2437 mensa
1315 2386 1351 2436 ut
1370 2397 1468 2438 aream
1490 2378 1626 2454 requirit,
1647 2377 1684 2436 ita

356 2475 549 2551 dispensator
575 2494 693 2552 quoque
725 2476 773 2534 ubi
807 2475 904 2549 adest,
937 2477 977 2536 ibi
1012 2497 1083 2537 arca
1111 2479 1203 2538 fuerit
1232 2497 1355 2540 necesse
1386 2488 1447 2552 est,
1480 2480 1683 2558 colligiturque

355 2576 426 2635 hine
448 2585 479 2634 ut
494 2577 596 2654 Vagae
618 2579 661 2636 ita
675 2577 820 2657 Thuggae
841 2597 959 2656 quoque
983 2599 1115 2640 mensam
1136 2580 1244 2652 fuisse3
1266 2581 1342 2639 alter
1363 2586 1533 2660 nuperrime
1552 2569 1700 2659 repertas¹

356 2696 449 2755 prope
471 2679 606 2737 Avittam
627 2679 754 2738 Bibbam
776 2681 879 2758 hic⁵):
916 2683 1015 2742 Veneri
1039 2680 1216 2759 Amarea)
1238 2682 1379 2759 auo(rum)
1402 2684 1507 2743 Delius
1529 2683 1686 2744 Abuacuuti

356 2779 511 2856 Aap(uatc)
538 2779 643 2856 uil(ici)
670 2781 824 2858 oic(urius)
855 2785 990 2843 teloneum
1016 2805 1035 2842 a
1055 2786 1254 2858 fundamentis
1281 2803 1335 2842 aaa
1361 2789 1489 2862 irrepente
1515 2789 1640 2845 restituit
1663 2794 1686 2842 et

356 2883 522 2958 ampliavit,
549 2882 598 2940 ubi
626 2901 693 2941 cum
720 2892 841 2960 propter
868 2887 967 2945 locum
994 2886 1083 2944 situm
1111 2887 1139 2943 in
1167 2886 1265 2945 media
1286 2887 1391 2946 Africa
1419 2887 1627 2964 proconsulari
1652 2887 1686 2943 de

355 2985 490 3061 portorio
522 2984 646 3060 eogitari
679 3003 739 3044 non
772 2987 880 3063 possit,
921 2982 1104 3062 retersiov⁶)
1138 2990 1218 3064 quod
1250 2990 1308 3048 fuit
1344 2989 1466 3048 Avittae
1507 2988 1562 3047 sub
1603 2988 1685 3046 vilico

357 3087 485 3162 Augusti
512 3087 577 3144 iure
604 3096 797 3164 componetur
822 3108 886 3148 cum
914 3108 1019 3150 mensa
1044 3091 1178 3169 Vagensi
1206 3101 1288 3150 recta
1318 3092 1356 3150 ab
1383 3090 1518 3150 adiutore
1549 3089 1686 3149 tabularii

358 3186 616 3264 Carthaginiensis
631 3190 761 3264 Augusti
779 3190 896 3250 liberto.
935 3190 1058 3252 Scilicet
1080 3191 1257 3252 tabularium
1279 3192 1354 3251 illud
1377 3192 1420 3250 ita
1437 3192 1609 3251 ordinatum
1623 3191 1686 3264 fuit,

357 3301 389 3348 ut
410 3309 463 3367 per
485 3291 618 3368 singulas
641 3299 754 3350 tractus
773 3290 1032 3370 Carthaginiensis
1054 3295 1191 3382 regiones
1215 3293 1367 3370 (nimirum
1391 3293 1505 3353 ordinis
1527 3292 1685 3364 Inferioris,
1767 3347 1768 3356 ι

356 3411 415 3450 non
437 3411 474 3451 eo
496 3410 596 3465 sensu,
619 3412 678 3470 quo
700 3394 782 3470 regio
804 3396 1015 3473 aequiparatur
1030 3395 1150 3472 tractui)
1166 3405 1197 3453 ει
1210 3405 1420 3471 procuratores
1434 3414 1484 3456 res
1499 3396 1687 3455 administra·

356 3502 422 3553 rent
444 3495 556 3554 ordinis
578 3495 708 3556 libertini
730 3504 760 3553 ει
782 3496 836 3555 εει)
857 3497 894 3555 iis
917 3515 1037 3556 mansae
1060 3498 1178 3556 fiscales
1202 3498 1266 3557 sive
1288 3501 1418 3555 τελωνεῖα
1437 3499 1687 3557 constituerentur

357 3596 529 3672 praeposito
552 3597 688 3657 adiutore
709 3597 885 3674 adiectoque
906 3598 1114 3676 dispensatore
1135 3608 1166 3657 et
1186 3599 1275 3658 vilico
1301 3618 1367 3658 cum
1395 3600 1507 3658 vicario
1534 3600 1612 3672 eius,
1638 3617 1688 3674 per
1767 3663 1768 3666 Ἴ

357 3714 432 3772 quas
455 3715 573 3756 mensas
595 3699 685 3758 fiscus
707 3717 784 3775 quae
807 3699 952 3759 solvenda
973 3709 1058 3759 erant
1086 3711 1270 3773 numeraret,
1296 3718 1372 3777 quae
1394 3701 1579 3778 praestanda
1606 3707 1688 3758 erant

357 3799 514 3874 acciperet.
551 3797 696 3860 Similiter
717 3802 747 3858 in
764 3803 903 3877 Aegypto
927 3804 981 3861 sub
998 3803 1179 3862 Ptolemaeis
1203 3822 1255 3878 per
1277 3802 1413 3879 singulos
1430 3821 1534 3861 nomes
1551 3795 1686 3886 τράπεζαι
1714 3867 1715 3870 ¹

356 3889 510 3962 βασιλικαὶ
531 3903 711 3963 constitutae
732 3902 902 3980 fuerumt),
935 3905 1111 3980 videturque
1130 3905 1207 3962 idem
1234 3904 1401 3963 institutum
1429 3922 1611 3982 quamquam
1638 3921 1688 3960 uo-

418 4133 441 4195 ¹)
462 4133 491 4185 C.
506 4133 575 4184 vm
593 4133 675 4199 praef.
693 4151 719 4200 p.
733 4137 814 4188 XVII
832 4153 858 4187 n.
874 4139 899 4188 2.

414 4222 439 4288 ²)
459 4225 608 4277 Hirschfeld
631 4223 947 4296 Vereattanqsqactete
965 4230 979 4280 1
998 4246 1023 4294 p.
1038 4228 1082 4278 33.

415 4314 440 4379 ⁸)
460 4318 607 4369 Hirschfeld
626 4319 676 4370 l.c.
695 4337 719 4385 p.
735 4320 777 4372 68.
1767 4379 1768 4402 p

414 4405 439 4471 ⁴)
460 4409 490 4460 C.
503 4411 525 4460 I.
539 4412 569 4462 1..
589 4411 632 4461 III
656 4429 682 4477 p.
699 4413 777 4463 1133.
829 4413 881 4466 Sed
906 4415 933 4465 iu
958 4413 1092 4464 Africanis
1121 4414 1201 4464 titulis
1230 4387 1364 4478 proiIucia
1391 4413 1476 4463 adhuc
1503 4420 1611 4478 reperta
1638 4425 1688 4462 non
1767 4405 1768 4470 i

358 4507 396 4550 est
415 4508 440 4550 et
459 4500 521 4550 alibi
541 4518 642 4568 quoque
660 4519 720 4555 rare
738 4506 893 4568 enuntiatur,
913 4511 1001 4570 utpote
1021 4522 1098 4570 quam
1117 4507 1189 4556 locus
1208 4507 1270 4556 satis
1289 4506 1389 4570 prodat.
1767 4567 1768 4590 Χ

417 4591 440 4655 ⁵)
460 4593 526 4644 Eum
553 4597 667 4660 repperit
689 4598 711 4646 1.
735 4597 858 4648 Poinssot
881 4599 908 4648 in
930 4599 1066 4648 ruderibus
1095 4597 1222 4648 Hensehir
1249 4597 1376 4648 Idchimes
1395 4597 1438 4648 IlI
1463 4597 1521 4647 ehil.
1547 4597 1582 4647 ab
1611 4596 1689 4645 Arica
1767 4621 1768 4664 r

356 4685 441 4736 Bibba
459 4687 527 4736 inter
545 4687 680 4737 meridiem
700 4696 725 4738 et
744 4690 903 4740 occidentem
923 4691 1055 4756 ediditque
1078 4691 1105 4740 in
1125 4690 1182 4755 eph.
1203 4689 1330 4740 Oraneusi
1349 4686 1462 4739 Battara
1485 4687 1529 4739 des
1554 4682 1690 4754 antiquitis
1767 4671 1768 4702 ³

357 4776 497 4842 φιεαίηεε
515 4779 592 4830 vol.I
621 4779 714 4842 (lasa)
743 4797 769 4846 p.
784 4781 850 4846 3133
880 4797 979 4834 mecum
1006 4783 1240 4833 communicaverat
1262 4789 1322 4833 ants
1344 4796 1421 4847 quam
1441 4781 1559 4847 prodiret
1583 4779 1690 4832 Carolus
1767 4809 1768 4814 =

357 4871 452 4921 Tissot.

416 4960 441 5025 ⁸)
465 4961 592 5014 Teloaium
623 4962 748 5028 Cirtense,
777 4966 847 5032 quod
874 4967 1010 5018 Reaierius
1033 4985 1064 5018 ex
1092 4969 1167 5018 titulo
1191 4972 1311 5031 comupto
1341 4964 1464 5026 CVIII,
1490 4964 1564 5015 6956
1590 4963 1690 5014 efficere
1767 4931 1768 5000 l

357 5053 446 5116 voluit,
467 5055 527 5106 inde
546 5057 654 5107 minime
672 5049 795 5108 firmatur.
1767 5057 1768 5074 ¹

415 5143 439 5210 τ>
459 5147 603 5201 Lumbroso
624 5145 746 5202 iconomie
761 5149 885 5220 potitique
904 5149 935 5202 de
955 5129 1078 5219 l'dqypte
1097 5166 1122 5217 p.
1137 5151 1190 5204 330
1209 5165 1262 5218 seq.
