3524 5932
354 469 427 538 644
930 485 1114 537 nontnsuu

352 682 426 722 aevo
449 663 574 740 pecnnia
596 661 715 738 publica
737 681 774 718 ex
797 670 939 739 argentea
961 679 1049 718 aerea
1070 661 1152 718 facta
1173 671 1294 719 estnec
1317 660 1456 719 denarius
1478 661 1540 719 iam
1565 662 1628 738 quid
1650 675 1673 722 et

351 766 424 824 adeo
447 784 485 822 an
509 765 621 822 valeret
644 765 802 839 quisquam
825 763 953 840 amplius
977 773 1072 836 norat,
1096 763 1160 821 eius
1182 763 1252 821 mali
1268 763 1326 822 duo
1341 762 1473 822 remedia
1487 763 1598 821 invenit
1612 763 1672 822 Dio-

351 868 496 926 cletianus
519 868 662 944 pecuniae
684 887 716 925 re
739 866 867 924 abolitae
890 867 1076 924 substituens
1094 865 1184 922 modo
1199 865 1317 943 pondus
1334 865 1399 922 auri
1415 866 1579 942 argentive,
1599 867 1672 924 modo

350 970 482 1028 modium
515 967 705 1043 frumentil).
762 966 884 1027 Scilicet
917 970 954 1026 ab
988 987 1024 1024 eo
1057 967 1127 1024 inde
1154 977 1287 1043 tempore
1319 967 1349 1025 in
1383 967 1513 1044 publicis
1546 967 1671 1027 reditibus

353 1083 382 1130 ct
415 1071 624 1148 largitionibus
650 1089 774 1146 regnare
808 1071 953 1146 incipiunt
984 1070 1078 1128 librae
1111 1071 1176 1127 auri
1207 1069 1254 1127 rel
1287 1071 1417 1148 argenti,
1451 1089 1527 1146 quae
1559 1090 1590 1128 re
1618 1071 1672 1148 ipsa

350 1176 443 1233 multo
470 1174 561 1231 latius
588 1183 691 1249 patent
724 1192 813 1248 qnam
848 1172 994 1230 vocabula
1028 1171 1220 1248 perveniunt;
1258 1190 1327 1229 narn
1361 1172 1475 1230 solidus
1509 1185 1673 1248 quoquest

352 1285 511 1354 argenteus
534 1293 622 1333 verus
647 1277 711 1332 eius
735 1276 847 1333 saeculi
870 1294 929 1332 non
954 1293 1010 1332 sua
1037 1274 1133 1332 forma
1159 1274 1272 1345 valent,
1300 1274 1352 1332 sed
1380 1275 1418 1332 ad
1444 1275 1551 1332 libram
1579 1294 1672 1350 appea-

351 1380 460 1436 duntur
482 1388 512 1436 et
534 1378 744 1452 expenduntur
755 1376 794 1452 i).
846 1377 880 1434 In
909 1375 1066 1454 stipendiis
1089 1382 1187 1433 autem
1214 1385 1244 1433 et
1270 1377 1456 1434 mercedibus
1483 1376 1602 1452 publice
1625 1377 1672 1434 sol-

351 1481 455 1540 vendis
480 1481 572 1537 altero
595 1490 750 1555 praeterea
772 1481 903 1537 remedio
926 1484 1121 1557 imperatores
1144 1478 1189 1535 usi
1212 1485 1293 1547 sunt,
1323 1487 1356 1535 ut
1376 1478 1463 1535 militi
1485 1479 1584 1538 omnis
1609 1479 1673 1538 ordi·

351 1585 398 1642 nis
421 1582 564 1659 quidquid
588 1581 714 1640 debebat
736 1590 795 1640 tam
819 1583 966 1658 aerarium
990 1598 1078 1655 quam
1102 1579 1219 1656 publico
1243 1580 1362 1638 nomine
1384 1581 1534 1656 privatus,
1564 1600 1619 1640 non
1642 1581 1673 1638 ad

350 1686 506 1744 denarium
530 1685 785 1752 determinaretur,
809 1685 861 1742 sed
884 1683 923 1740 ad
945 1701 1093 1740 annonam
1117 1690 1147 1738 et
1168 1683 1309 1756 capitum,
1331 1682 1363 1739 id
1385 1692 1431 1740 est
1452 1683 1491 1740 ad
1509 1683 1673 1742 framentum

350 1799 379 1848 et
401 1788 511 1846 senum.
562 1787 598 1844 Id
621 1806 687 1844 cum
708 1787 807 1861 ipsum
830 1804 889 1842 non
911 1787 1051 1861 ignorent
1072 1784 1092 1840 ii
1116 1791 1193 1842 certe
1216 1785 1267 1860 qui
1293 1785 1382 1842 huius
1411 1785 1523 1843 saeculi
1552 1786 1673 1844 instituta

350 1891 465 1949 discere
488 1889 657 1947 maluerunt
678 1908 768 1965 quam
791 1889 955 1963 aspernari,
979 1895 1038 1944 tam
1061 1887 1122 1944 late
1145 1905 1207 1943 rem
1231 1885 1376 1961 patuisse,
1399 1894 1431 1944 ut
1445 1905 1483 1944 ex
1499 1889 1577 1962 ipsis
1591 1891 1673 1964 prisa-

349 2002 447 2051 torum
470 1991 614 2068 sportulis
637 1991 763 2066 pecunia
781 1990 943 2062 tolleretur,
967 2007 1039 2047 sane
1055 2007 1164 2046 novum
1181 1996 1271 2047 estet
1287 1988 1499 2048 scituomniuo
1516 1989 1673 2067 dignnm³).

350 2095 500 2170 Tempore
523 2113 640 2169 quoque
661 2095 739 2151 inter
761 2094 950 2165 documenta,
978 2111 1055 2168 quae
1078 2092 1257 2149 frumentum
1280 2091 1424 2168 pecuniae
1446 2091 1514 2151 loco
1538 2093 1674 2150 subditum

252 2237 257 2248 ·
350 2216 417 2255 esse
441 2196 612 2266 ostendunt,
644 2196 756 2254 nullum
786 2197 866 2272 quod
893 2195 985 2253 sciam
1013 2203 1148 2270 superest
1175 2193 1254 2270 quod
1280 2194 1338 2251 hoc
1364 2193 1494 2252 edietum
1521 2196 1675 2270 praecedat,

350 2301 543 2375 videmnrque
565 2307 734 2355 accuratam
758 2298 917 2374 imaginem
942 2296 989 2354 hic
1011 2303 1112 2354 tenere
1131 2296 1341 2354 observantiae
1356 2297 1549 2369 annonariae,
1572 2298 1675 2373 qualem

349 2402 557 2461 Diocletianus
581 2399 855 2475 Constantinusque
878 2400 1077 2458 instituerunt.
1127 2396 1249 2458 Scilicet
1275 2399 1359 2474 eligit
1384 2399 1411 2457 is
1438 2399 1486 2458 cui
1513 2400 1674 2459 solvendum

350 2515 409 2577 est,
439 2513 537 2562 utrum
561 2505 657 2580 ipsum
681 2503 860 2561 frumentum
883 2502 941 2560 sibi
964 2501 1028 2559 dari
1049 2501 1123 2558 velit
1145 2520 1182 2559 an
1205 2501 1345 2559 frumenti
1371 2502 1516 2577 pretium,
1547 2503 1579 2560 id
1604 2504 1676 2560 nimi·

349 2626 426 2675 rum,
449 2624 506 2682 quo
529 2606 710 2664 frumentum
733 2614 867 2682 tempore
889 2604 1047 2662 solutionis
1063 2602 1178 2660 Romae
1194 2602 1224 2661 in
1239 2602 1305 2660 foro
1319 2622 1419 2661 rerum
1437 2605 1586 2664 renalium
1601 2606 1677 2664 sesti·

350 2708 537 2783 mabatur⁴).
585 2707 664 2766 Nam
687 2725 705 2764 a
725 2708 791 2764 soro
819 2725 853 2763 eo
881 2706 968 2783 pretii
995 2705 1271 2764 determinationem
1297 2706 1360 2777 vel,
1390 2715 1423 2763 ut
1450 2707 1573 2784 proprio
1599 2709 1675 2766 huius

351 2811 464 2870 saeculi
487 2811 631 2868 vocabulo
655 2819 731 2881 utar,
755 2809 976 2867 adaerationem
999 2807 1178 2885 pependisse
1192 2808 1274 2884 leges
1290 2808 1461 2884 complures
1476 2811 1674 2884 ostendenti).

350 2913 580 2972 Valentinianus
604 2921 633 2970 et
647 2913 776 2983 Valens,
805 2912 877 2970 moti
899 2910 1006 2986 opinor
1029 2929 1065 2969 eo
1088 2911 1166 2987 quod
1189 2910 1231 2968 ita
1253 2910 1433 2986 stipendium
1457 2913 1585 2988 singulis
1609 2914 1675 2970 mili·

254 3079 256 3086 ,
349 3017 428 3075 tibus
452 3015 687 3092 officialibusque
710 3015 885 3075 solvendum
908 3013 1042 3090 quotidie
1068 3013 1241 3072 mutabatur
1269 3022 1299 3071 et
1324 3031 1462 3072 annonae
1489 3015 1618 3074 urbanae
1642 3015 1675 3072 ri-

408 3235 432 3299 ¹)
452 3235 600 3288 Sciscitanti
620 3236 682 3284 mihi
702 3250 747 3300 per
766 3235 925 3285 Boeclrhinm
941 3218 1074 3298 nostrum,
1100 3248 1188 3283 annon
1208 3233 1277 3298 apud
1296 3232 1481 3297 Francogallos
1500 3243 1602 3284 moneta
1624 3247 1675 3282 vera

349 3346 394 3394 per
421 3329 507 3378 turbas
533 3343 622 3378 eorum
646 3329 734 3378 civiles
758 3328 854 3393 pariter
877 3327 978 3377 sublata
1001 3328 1098 3378 similes
1123 3326 1305 3391 dispositiones
1334 3325 1495 3390 aliquamdiu
1522 3327 1673 3386 obtinuerim,

348 3424 386 3473 Μ.
400 3423 483 3472 Block
502 3421 579 3470 hodie
592 3421 700 3471 Parisiis
721 3420 815 3485 degens
834 3420 968 3484 respondit
987 3436 1045 3469 vere
1065 3437 1110 3484 per
1129 3419 1233 3485 aliquod
1255 3425 1353 3484 tempus
1373 3419 1469 3468 salaria
1481 3421 1515 3469 ad
1530 3420 1673 3470 mentun

349 3521 484 3565 numerata
504 3529 571 3574 esse,
591 3513 672 3563 citans
692 3513 759 3562 inter
778 3511 831 3563 alia
849 3511 1039 3562 constitutionis
1059 3513 1120 3563 anni
1134 3512 1177 3560 111
1196 3529 1217 3560 e.
1234 3511 1300 3560 1732
1323 3507 1362 3560 Le
1382 3511 1522 3561 trnitement
1541 3511 1571 3562 de
1590 3509 1672 3562 citurus

350 3601 429 3658 d’ean
453 3606 597 3672 (agitanda
617 3605 792 3670 quinqueviris
812 3604 985 3670 reipublicae
1005 3601 1234 3664 administrandae)
1260 3610 1297 3653 est
1310 3599 1375 3669 fiae',
1399 3619 1467 3670 pour
1486 3603 1580 3672 adaque
1598 3601 1671 3662 maii,

348 3698 366 3749 ὰ
385 3700 412 3750 la
431 3699 519 3750 aalenr
539 3697 569 3748 de
589 3699 721 3764 cinqrrante
739 3698 806 3748 mille
825 3698 1029 3763 myrinyrammes
1048 3695 1078 3746 de
1090 3695 1209 3760 frement.

406 3791 431 3854 ²)
451 3791 522 3842 Rom.
543 3789 700 3840 llit'inzwesen
719 3807 743 3855 p.
760 3791 821 3840 835.

407 3883 432 3946 ³)
452 3882 503 3934 Die
517 3880 651 3944 Vortbeite,
671 3885 707 3932 ait
724 3883 1012 3946 Bethmanu-Hollweg
1029 3879 1197 3948 Cirilprocess
1217 3881 1232 3930 3
1253 3897 1278 3944 p.
1291 3881 1352 3942 140,
1373 3878 1413 3929 die
1433 3879 1475 3930 dr'e
1490 3879 1616 3946 Officialen
1634 3877 1672 3927 der

348 3977 503 4044 Maqistrate
518 3975 569 4040 sair
591 3975 646 4026 tire
665 3973 839 4042 Bemrllrunqen
863 3991 951 4040 repen,
979 3972 1113 4024 destanden
1138 3971 1211 4023 tte-tls
1230 3974 1256 4021 in
1280 3971 1437 4038 dffentliclrer
1458 3969 1610 4039 Beseldunq,
1632 3972 1673 4020 dur

348 4069 424 4134 beisst
442 4071 469 4118 in
487 4085 518 4118 sn
539 4067 617 4119 Gelda
636 4066 850 4134 anpescdtapenen
864 4064 1020 4116 Naturalieu
1046 4067 1160 4129 (annona
1184 4063 1236 4115 and
1259 4064 1382 4130 capitas),
1413 4062 1487 4115 theiis
1515 4065 1541 4115 in
1563 4063 1616 4115 sedr
1638 4062 1671 4112 te-

348 4161 484 4214 dentenden
504 4159 631 4228 Sportela.
669 4162 738 4212 Illud
758 4176 845 4211 rerum
865 4169 917 4222 cst;
943 4161 994 4209 iam
1018 4167 1104 4209 autem
1123 4165 1231 4223 apparet
1254 4158 1382 4222 sportulas
1408 4171 1511 4223 quoque
1530 4157 1672 4222 aliquamdiu

348 4257 439 4306 eodem
459 4256 537 4305 modo
556 4256 699 4320 persolutae
719 4269 783 4304 esse.

408 4345 434 4413 ⁴)
454 4349 546 4412 Neque
564 4349 591 4397 in
611 4348 659 4396 hoc
679 4347 762 4396 edicto
782 4361 864 4411 neque
882 4346 908 4394 in
922 4346 1004 4394 altero
1016 4345 1174 4394 Diocletiani
1187 4343 1219 4392 de
1233 4343 1322 4407 pretiis
1336 4357 1422 4392 rerum
1437 4341 1470 4404 (c.
1483 4346 1508 4405 l,
1521 4343 1545 4404 1)
1558 4343 1671 4392 immenso

350 4442 531 4491 determinatio
547 4441 664 4502 adicitur,
685 4440 730 4490 sed
745 4455 823 4488 unum
838 4439 948 4504 pretium
962 4439 1108 4502 apponitur.
1135 4437 1226 4501 Itaque
1239 4435 1395 4500 intellegitur
1407 4434 1563 4485 frumentum
1574 4433 1670 4490 mediae,

348 4549 401 4584 non
421 4534 532 4584 eximiae
552 4534 683 4583 bonitatis.

408 4625 431 4688 ⁵)
452 4625 482 4676 Ο.
496 4626 546 4677 Th.
567 4627 592 4688 7,
613 4626 643 4687 4,
666 4625 700 4674 10
719 4639 743 4674 a.
758 4622 826 4674 3642
850 4622 1009 4674 Protectores
1020 4622 1081 4687 sori
1097 4637 1180 4672 rernm
1198 4599 1322 4670 venalium
1340 4620 1414 4670 iuxta
1433 4621 1525 4671 ameris
1543 4619 1609 4670 noris
1631 4613 1669 4665 ab

348 4719 503 4769 servantiam
522 4719 548 4768 in
568 4733 723 4768 annonarum
746 4733 847 4766 suarum
870 4714 997 4767 commoda
1016 4716 1103 4782 pretia
1126 4721 1308 4781 consequantur
1330 4713 1385 4776 (ubi
1409 4713 1487 4780 iunge
1502 4714 1561 4779 sori
1574 4707 1668 4778 pretia).

348 4814 378 4862 L.
394 4812 426 4862 32
449 4811 507 4861 eod.
526 4825 551 4861 a.
564 4812 632 4862 412:
654 4825 701 4878 per
720 4809 916 4861 cornicularium
934 4809 1105 4874 cuiuscumque
1120 4806 1292 4874 provincialis
1311 4805 1391 4873 officii
1409 4804 1475 4857 donc
1493 4801 1667 4856 sollicitudines

349 4903 450 4971 impleri
468 4903 611 4965 conveniat,
635 4905 672 4952 ita
692 4909 719 4952 nt
737 4938 744 4951 .
759 4939 787 4952 ..
808 4918 894 4952 aarum
914 4917 945 4951 ea
964 4900 1036 4952 titulo
1061 4899 1192 4966 marn'sesto
1217 4897 1294 4950 eidem
1318 4895 1459 4964 deleyatunr
1552 4893 1667 4961 canapini,

349 4997 424 5047 etiam
437 4997 547 5064 pretium
567 4994 607 5047 bis
626 4997 670 5063 qui
687 4993 813 5046 adaerere
831 4994 956 5045 volamint
975 4992 1128 5061 deperrmrns
1146 4994 1219 5042 iuxta
1237 4989 1453 5052 nundinationem,
1480 5005 1542 5058 quae
1559 4995 1596 5038 aut
1609 4984 1667 5049 sore

349 5105 432 5138 rernm
451 5088 575 5139 venalium
595 5089 733 5139 continetur
753 5095 796 5138 aut
815 5087 984 5155 amplissimae
1001 5085 1179 5154 praefecturas
1202 5093 1239 5136 est
1261 5084 1364 5136 culmini
1387 5082 1516 5153 deputata.
1556 5077 1667 5134 stmttim

350 5181 445 5231 ibidem
464 5183 481 5231 l.
499 5181 540 5231 28.
556 5183 590 5232 36
611 5189 636 5232 et
657 5185 681 5244 8,
696 5181 721 5244 4,
739 5181 779 5231 19.
