3628 5954
763 504 1036 558 ADDITAMIINTA
1064 507 1146 559 VOL.
1167 507 1211 558 111

920 808 1053 872 11100110.
1096 809 1100 820 ’

365 985 496 1048 Kiachta
518 987 661 1067 oppidum
684 987 773 1047 situm
795 987 832 1046 ad
852 986 1016 1070 Belum-Su
1039 986 1132 1047 rivum
1156 987 1340 1064 (affluentem
1362 986 1443 1048 fluvii
1460 986 1649 1065 Kiachta·Su,

324 1093 375 1168 qui
397 1092 462 1168 ipse
484 1091 589 1150 incidit
610 1091 640 1149 in
656 1090 864 1168 Euphratem),
888 1091 970 1162 olim,
991 1097 1025 1149 ut
1046 1111 1084 1149 ex
1106 1090 1154 1149 his
1177 1091 1274 1150 titulis
1296 1091 1370 1151 solis
1386 1092 1525 1166 iunotuit,
1547 1089 1651 1151 Chabi-

324 1213 392 1251 nam
415 1194 539 1265 dictum,
568 1193 599 1252 in
621 1194 697 1270 ipsis
720 1194 857 1253 confiniis
881 1192 1096 1271 Commagenes
1120 1203 1150 1252 et
1172 1191 1397 1271 Cappadociae,
1420 1195 1534 1271 antiqui
1555 1194 1651 1273 oppidi

323 1297 420 1354 locum
450 1297 582 1354 tenuisse
610 1296 771 1355 verisimile
798 1315 857 1355 non
890 1305 952 1367 est,
985 1315 1039 1354 nec
1072 1295 1149 1354 tituli
1178 1295 1229 1372 qni
1257 1297 1334 1356 infra
1358 1298 1498 1374 leguntur
1524 1297 1598 1356 illud
1623 1307 1653 1355 ut

325 1405 489 1456 statuamus
511 1416 567 1457 nos
591 1409 712 1477 cogunt,
735 1417 789 1457 nec
811 1399 907 1476 magis
930 1408 1151 1458 monumentum
1175 1399 1316 1457 Antiochi
1339 1399 1418 1477 regis
1441 1397 1653 1476 Commagenes

323 1501 435 1560 factum
456 1501 487 1557 in
509 1500 602 1559 Tauri
625 1502 735 1561 vertice
757 1501 896 1578 proximo
918 1499 1175 1580 Nemrud-dagh,
1206 1503 1363 1578 repetitum
1387 1502 1457 1561 item
1479 1503 1509 1560 in
1533 1503 1654 1561 castello

324 1620 416 1681 supra
437 1603 580 1680 oppidum
603 1604 731 1663 vicinum
755 1601 870 1681 Gerger
891 1603 930 1662 ad
951 1603 1154 1682 Euphratem,
1181 1605 1263 1681 quod
1285 1605 1409 1664 credunt
1430 1604 1526 1665 fuisse
1548 1604 1655 1665 Barza-

241 1689 243 1694 ’
324 1705 421 1764 lonem
443 1707 604 1766 Armeniae
630 1706 754 1765 minoris
782 1707 989 1782 (Ptolemaeus
1013 1709 1040 1780 5,
1058 1705 1167 1784 7,11).
1216 1705 1275 1768 Sed
1303 1708 1441 1784 antiquos
1468 1708 1545 1768 lines
1575 1708 1656 1786 regni

323 1806 540 1887 Commagenes
568 1819 597 1868 et
623 1826 695 1868 mox
723 1809 892 1886 provinciae
919 1810 958 1868 ad
983 1811 1039 1869 hos
1066 1809 1149 1868 locos
1176 1826 1271 1886 usque
1297 1810 1475 1888 pertinuisse
1496 1810 1567 1869 inde
1594 1811 1659 1870 iure

322 1911 481 1988 colligitur.
531 1911 710 1990 Exploravit
736 1913 812 1971 hanc
838 1913 990 1990 regionem
1018 1931 1112 1989 nuper
1140 1909 1213 1971 Otto
1239 1912 1401 1972 Puchstcin
1430 1913 1566 1988 (Berictt
1590 1913 1658 1972 riter

323 2015 388 2073 eine
403 2015 487 2074 Ratae
512 2017 542 2072 ιἰι
565 2013 724 2074 Kardistun
750 2015 782 2074 in
809 2015 884 2074 actis
912 2015 1076 2074 minoribns
1102 2013 1273 2074 academiae
1295 2015 1497 2076 Berolinensis
1526 2034 1554 2074 a.
1578 2014 1657 2076 1883

321 2136 351 2193 p.
368 2115 406 2176 29
424 2135 487 2195 seq.
510 2117 625 2177 adiecta
646 2117 784 2196 mappa);
814 2118 917 2176 titulos
940 2120 978 2177 ab
999 2136 1035 2178 eo
1062 2117 1230 2196 descriptos
1258 2126 1287 2177 et
1310 2135 1365 2196 ego
1388 2139 1426 2178 ex
1449 2118 1569 2178 schedis
1592 2119 1657 2178 eius

322 2220 424 2298 accepi
447 2229 475 2280 et
496 2219 610 2298 accepit
631 2221 805 2295 Henzenus,
827 2221 879 2299 qui
900 2219 994 2281 edidit
1013 2219 1096 2281 Ball.
1120 2219 1186 2282 dett’
1208 2221 1342 2282 Instimto
1367 2219 1446 2282 1883
1468 2239 1497 2298 p.
1517 2221 1557 2282 83
1575 2237 1639 2298 aeq.

789 2483 918 2562 (Tectum
941 2486 1005 2544 uide
1023 2503 1091 2564 paq.
1115 2483 1188 2563 aeq.)

365 2745 496 2810 25-30.
538 2743 712 2808 Tribunicio
732 2755 865 2823 potestas
882 2745 985 2808 Severi
1001 2745 1065 2806 XII
1085 2745 1232 2825 significat
1254 2766 1279 2806 a.
1298 2747 1374 2820 2043
1396 2745 1565 2826 imperator
1580 2746 1665 2810 VIII

322 2851 401 2911 idem
428 2852 485 2910 fuit
512 2871 565 2929 per
593 2871 619 2910 a.
642 2850 700 2910 195
725 2847 777 2926 (l).
808 2847 968 2923 1911191,
995 2847 1106 2910 cos.II
1132 2869 1187 2928 per
1212 2869 1239 2909 a.
1259 2848 1430 2911 194-201.
1478 2853 1664 2911 Antoninus

321 2956 479 3033 Augustus
501 2954 561 3012 dici
581 2959 704 3031 coeptus
726 2961 772 3012 est
793 2971 820 3011 a.
838 2953 907 3024 198,
930 2952 1063 3030 imp.III
1085 2950 1126 3028 (si
1146 2951 1265 3028 quidem
1287 2953 1344 3012 hoc
1366 2973 1435 3013 vere
1456 2953 1487 3011 in
1503 2954 1666 3032 lapidibus

322 3055 444 3134 legitur)
460 3064 669 3134 postmortem
684 3055 802 3115 demum
819 3057 912 3132 patris
928 3075 955 3115 a.
969 3056 1038 3114 218.
1066 3053 1229 3114 Henzenus
1245 3055 1370 3114 coniecit
1384 3055 1567 3133 scriptorem
1582 3057 1666 3116 tituli

321 3159 528 3236 imperatorias
551 3158 781 3218 acclamationes
803 3159 882 3217 male
903 3176 1018 3218 annuas
1039 3158 1157 3236 imperii
1180 3157 1360 3231 credidisse3
1396 3159 1449 3218 sed
1475 3168 1509 3218 ut
1540 3158 1576 3219 id
1603 3159 1669 3218 lar·

321 3261 453 3340 giamur,
475 3262 554 3340 quod
576 3261 627 3320 vix
650 3269 679 3321 et
700 3281 738 3321 ne
759 3262 812 3320 vix
835 3262 954 3338 quidem
975 3262 1059 3334 licet,
1086 3263 1129 3320 ita
1150 3261 1287 3320 ducimur
1308 3259 1346 3320 ad
1368 3281 1478 3321 annum
1502 3259 1589 3336 200,
1613 3260 1667 3340 qni

320 3363 509 3424 tribuniciam
532 3371 709 3442 potestatem
726 3361 831 3425 Severi
853 3363 977 3442 requirit
998 3384 1057 3423 non
1072 3363 1148 3436 XII,
1170 3363 1224 3422 sed
1240 3362 1328 3422 VIII.
1364 3363 1440 3424 Eius
1463 3363 1535 3423 loco
1554 3381 1669 3425 rursus

320 3465 381 3525 XII
402 3468 533 3545 positum
555 3485 623 3527 esse
645 3474 768 3545 propter
788 3487 944 3526 numerum
966 3466 1213 3526 acclamationum
1235 3486 1273 3526 ne
1294 3467 1393 3544 ipsum
1414 3466 1538 3544 quidem
1558 3486 1668 3526 verum

322 3569 403 3643 (nam
427 3589 454 3628 a.
471 3569 532 3628 200
555 3567 680 3630 Severus
701 3571 759 3630 tuit
780 3573 849 3648 Imp.
866 3570 926 3644 XI,
952 3570 1010 3630 etsi
1031 3587 1121 3647 saepe
1146 3587 1201 3647 pro
1228 3587 1263 3628 eo
1290 3587 1414 3628 numero
1439 3568 1558 3648 legitur
1582 3569 1671 3646 Xll)

321 3671 388 3748 quis
403 3671 547 3733 Henzeno
563 3672 681 3732 credet?
715 3672 809 3732 Immo
824 3692 907 3731 mera
928 3691 1116 3731 numerorum
1137 3672 1324 3748 perturbatio
1339 3672 1452 3743 subest,
1474 3690 1533 3730 nec
1550 3672 1670 3731 mirum

321 3775 353 3832 in
374 3773 426 3832 illo
449 3776 558 3852 angulo
580 3784 725 3834 terrarum
747 3776 960 3853 imperatorum
982 3776 1084 3834 titulos
1106 3776 1260 3851 ignoratos
1283 3793 1350 3834 esse
1375 3781 1406 3834 et
1430 3775 1672 3851 pessumdatos.

323 3908 361 3918 —
386 3875 520 3954 Legatos
543 3879 714 3955 provinciae
736 3878 812 3937 redit
833 3879 863 3936 in
880 3877 967 3936 titulo
983 3877 1154 3937 Britannico
1177 3876 1415 3950 v01.v11,1003
1438 3877 1574 3937 01269.
1594 3876 1671 3936 270.

322 3977 398 4051 513,
430 3979 481 4055 qui
509 4000 574 4040 cum
599 3981 716 4059 positus
750 3989 810 4052 cst,
843 3978 970 4042 Senecio
995 3979 1114 4056 legatus
1139 3980 1196 4038 fuit
1222 3978 1405 4038 Britanniae.
1453 3978 1490 4037 Id
1520 3979 1672 4040 officium

320 4079 462 4140 Huebner
490 4082 578 4158 (mus.
605 4082 699 4142 Rhen.
723 4081 760 4142 12
782 4101 811 4158 p.
829 4081 866 4141 67
887 4083 924 4140 01.
947 4083 985 4141 14
1012 4100 1040 4158 p.
1058 4081 1133 4157 361)
1166 4101 1233 4140 eum
1265 4081 1377 4141 iudicat
1409 4081 1548 4141 tenuisse
1587 4083 1675 4142 inter

320 4202 348 4242 a.
365 4181 425 4242 206
443 4182 565 4257 ersom
594 4185 648 4244 sed
670 4185 812 4261 temporis
834 4184 1041 4244 determinatio
1064 4185 1094 4242 in
1121 4184 1243 4244 dubium
1266 4184 1366 4243 vocari
1387 4191 1497 4261 potest.
1549 4183 1675 4262 Legati

319 4285 446 4362 legionis
467 4305 587 4348 cursum
609 4287 753 4346 honorum
778 4287 985 4348 subministrat
1005 4287 1110 4347 titulus
1130 4286 1264 4347 Dacicus
1288 4287 1346 4347 vol.
1362 4286 1422 4359 111,
1440 4284 1534 4346 1178.
