3574 5942
361 423 434 494 152
937 435 1123 491 nonusuu

361 615 416 674 bus
438 614 609 674 forensibus
632 622 662 672 ct
683 613 832 686 civilibus,
854 611 994 670 nimirum
1017 619 1165 689 quatenus
1179 629 1232 670 eac
1248 607 1407 670 militarem
1422 612 1471 669 vel
1484 611 1571 687 quasi
1586 611 1695 670 milita·

359 736 422 776 rem
444 735 565 794 operam
588 726 639 774 aut
661 716 815 792 requirnnt
837 723 888 772 aut
910 721 990 774 certe
1012 712 1183 786 admittunt,
1206 719 1240 772 ιιι
1260 713 1428 772 incarcere
1449 712 1646 772 custodiendo
1667 723 1697 772 et

356 819 581 896 quaestiouibus
604 817 795 890 exercendis,
824 816 855 875 in
877 817 998 893 negotio
1021 816 1187 888 mensorio,
1210 814 1240 872 in
1264 815 1381 873 elendis
1403 815 1593 874 exercitibus.
1636 813 1698 875 Ne·

358 940 416 997 que
439 939 511 980 casu
534 920 689 992 evenisse,
722 918 801 994 quod
831 918 951 996 singula
975 917 1011 975 nd
1040 916 1158 975 civilem
1188 915 1477 976 administrationem
1503 918 1695 994 potissimum

357 1023 477 1092 ducunt,
500 1021 570 1080 iude
592 1021 816 1098 comprobator,
838 1018 918 1096 quod
941 1021 998 1078 hoc
1012 1027 1130 1096 sumpto
1153 1019 1352 1096 proprietates
1372 1019 1507 1095 corporis
1529 1019 1594 1078 cios
1616 1028 1697 1078 recte

358 1124 557 1202 explicantur.

403 1227 485 1284 Anni
507 1226 692 1285 evocationis
714 1242 895 1302 quamquam
922 1241 981 1282 non
1008 1242 1077 1282 raro
1100 1242 1167 1282 cunr
1191 1224 1278 1282 aunis
1306 1231 1367 1282 tam
1389 1223 1513 1282 militiae
1535 1223 1698 1301 caligariae

359 1347 448 1406 quam
470 1328 694 1387 centurionatus
722 1333 972 1385 connumerantur
1000 1335 1029 1384 et
1056 1326 1184 1385 diversis
1211 1325 1273 1385 illis
1299 1325 1416 1384 militiis
1442 1325 1563 1384 functus
1589 1325 1698 1386 dicitur

359 1429 537 1489 militavisse
559 1448 653 1488 annos
675 1436 733 1498 tot,
760 1427 975 1504 stipendiorum
998 1427 1173 1486 vocabulum
1195 1427 1328 1505 legitime
1349 1427 1388 1486 ad
1406 1427 1614 1486 evocationem
1637 1448 1696 1488 non

359 1528 527 1610 pertinet¹)
554 1532 666 1607 quique
687 1549 782 1590 annos
817 1530 1001 1588 evocationis
1034 1536 1183 1604 numerat,
1212 1539 1264 1588 aut
1291 1529 1335 1587 ait
1360 1539 1513 1588 evocatum
1542 1547 1576 1588 se
1600 1531 1698 1591 fuisse

359 1652 456 1693 annos
476 1631 560 1709 toti)
583 1642 634 1692 ant
659 1641 796 1692 numerat
820 1632 964 1708 stipardic
990 1629 1174 1706 scoocticcl)
1195 1637 1247 1688 ant
1272 1630 1400 1706 denique
1424 1630 1586 1707 εαιιινιαι).
1629 1631 1698 1692 Ηοε

362 1755 431 1794 cunr
453 1736 660 1808 observabam,
684 1734 782 1794 erravi
803 1734 872 1792 inde
894 1731 923 1790 id
946 1741 1095 1808 repetens,
1116 1733 1196 1809 qnod
1218 1731 1320 1792 salarii
1339 1733 1463 1791 verbnm
1485 1733 1637 1793 honestius
1660 1736 1700 1792 sit

363 1857 452 1914 qoam
475 1837 671 1914 stipendinm3
701 1855 771 1896 nam
792 1834 958 1894 centurioni
980 1851 1112 1911 quoque,
1135 1833 1185 1908 qui
1208 1841 1334 1893 evocato
1356 1834 1532 1894 honoratior
1552 1845 1613 1907 est,
1636 1855 1699 1895 non

364 1939 475 1998 salaria
497 1938 616 2008 dentur,
639 1938 692 1996 sed
715 1936 864 2014 stipendia
885 1937 1001 1996 scilicet
1015 1935 1226 1995 centurionica.
1261 1936 1356 1994 lmmo
1371 1935 1533 2014 explicatio
1554 1937 1625 1996 inde
1647 1959 1701 2015 pe·

361 2040 451 2099 tenda
475 2047 534 2110 est,
560 2040 642 2116 quod
664 2039 766 2098 salarii
793 2039 969 2098 vocabulum
996 2040 1052 2098 bac
1078 2046 1157 2098 certe
1183 2047 1281 2098 aetate
1308 2038 1395 2097 civile
1422 2045 1469 2098 est
1494 2048 1529 2097 nt
1556 2040 1701 2115 stipendii

361 2142 502 2212 militare,
524 2150 554 2200 et
575 2150 737 2219 usurpatur
750 2141 815 2199 fere
836 2140 873 2198 de
892 2140 1102 2200 adsessoribus
1124 2148 1155 2200 et
1175 2141 1398 2218 professoribus
1420 2149 1450 2200 et
1471 2141 1604 2201 medicis.
1637 2142 1700 2200 Ite-

363 2263 421 2322 que
444 2252 557 2304 certum
579 2245 609 2302 id
631 2243 773 2302 indicium
796 2252 841 2304 est
861 2251 1004 2302 evocatos
1026 2249 1058 2302 nt
1079 2243 1143 2302 iure
1166 2243 1284 2316 milites,
1306 2243 1349 2302 ita
1369 2249 1552 2302 reversatus
1574 2261 1643 2304 esse
1666 2246 1699 2303 in

363 2349 464 2408 officio
487 2367 545 2406 uon
569 2345 700 2405 militari.

405 2449 495 2526 Quod
518 2450 554 2508 de
571 2446 730 2524 stipendiis
746 2447 868 2517 obtinet,
891 2447 1021 2505 fortasse
1036 2445 1073 2504 ad
1089 2447 1215 2524 caligam
1230 2464 1349 2523 quoqne
1364 2447 1510 2523 pervenit.
1533 2445 1612 2507 Sane
1627 2450 1702 2508 cali·

362 2553 425 2629 gali
443 2552 580 2628 gregales
595 2558 680 2620 sunt3
703 2558 735 2606 at
748 2549 849 2606 militia
863 2552 893 2606 tn
908 2549 1012 2625 calipn,
1036 2556 1179 2624 quantum
1194 2547 1265 2619 vidi,
1288 2565 1436 2625 nusquam
1452 2550 1616 2625 opponitur
1630 2569 1705 2610 cen-

363 2654 536 2726 turionatui‚
559 2651 613 2712 scd
636 2651 693 2710 soli
713 2649 880 2709 evocationi
890 2649 931 2726 ⁵),
953 2667 1049 2726 neque
1062 2649 1162 2728 inepte
1178 2656 1325 2708 statuetur
1339 2651 1541 2711 centurionem
1556 2661 1587 2712 ει
1600 2651 1702 2728 ipsum

364 2756 463 2832 caliga
484 2773 572 2814 usnm
595 2771 673 2826 esse,
696 2761 853 2812 evocatum
876 2751 975 2812 calceo
991 2751 1139 2812 communi
1155 2761 1185 2810 et
1198 2751 1268 2811 inde
1283 2771 1347 2810 eam
1362 2753 1544 2813 locutionem
1558 2753 1703 2814 derivari.

406 2855 514 2933 Neque
536 2857 626 2914 aliam
648 2855 686 2914 ob
708 2871 831 2913 causam
852 2853 961 2930 opinor
983 2861 1118 2927 evocato,
1145 2872 1212 2912 cum
1234 2854 1313 2912 dona
1334 2853 1478 2914 militaria
1499 2856 1621 2934 accipit,
1650 2877 1703 2916 co·

363 2978 440 3018 roua
463 2958 528 3018 sola
550 2958 637 3017 datur
659 2957 701 3035 (p.
722 2956 808 3033 146),
839 2975 899 3016 non
923 2955 1075 3015 adduntur
1096 2972 1174 3032 quse
1196 2955 1234 3013 cb
1256 2975 1319 3014 rem
1341 2957 1481 3016 manibus
1501 2967 1616 3036 gestam
1640 2967 1704 3019 tam

363 3061 480 3139 gregali
502 3079 592 3137 quam
615 3058 782 3118 centurioni
803 3058 869 3116 dari
891 3057 991 3117 solent
1012 3068 1135 3135 torques
1159 3059 1294 3118 armillae
1317 3058 1468 3134 phalerae.

406 3162 493 3221 Duce
515 3181 634 3239 qnoque
656 3179 709 3220 our
730 3160 845 3220 evocati
867 3159 1032 3233 caruerint,
1059 3159 1091 3218 id
1112 3161 1192 3238 quod
1218 3160 1329 3220 lactum
1350 3178 1419 3220 esse
1446 3179 1540 3238 supra
1560 3163 1705 3238 vidimus,

363 3264 425 3338 iem
447 3264 640 3342 explanatum
662 3269 718 3323 est.

407 3365 546 3443 Denique
573 3385 640 3425 cum
668 3365 753 3444 origo
779 3375 969 3426 evocatorum
996 3383 1036 3424 ex
1061 3365 1195 3424 exercitu
1223 3365 1337 3426 urbano
1365 3383 1457 3444 snpra
1486 3368 1627 3445 exposita
1653 3371 1705 3442 sit,

366 3486 444 3526 nunc
465 3468 530 3526 eius
552 3467 595 3526 rei
623 3485 715 3526 causa
742 3466 825 3525 reddi
852 3475 959 3544 potest.
1007 3464 1088 3526 Nam
1115 3486 1182 3526 cnm
1209 3476 1309 3527 aetate
1332 3469 1526 3546 imperatoria
1551 3472 1707 3548 permulta

366 3570 487 3647 negotia
508 3587 577 3629 rere
598 3567 710 3628 indolis
733 3567 831 3628 civilis
853 3575 884 3627 et
905 3569 976 3627 olim
999 3587 1018 3626 a
1038 3568 1158 3645 cingulo
1179 3568 1279 3628 aliena
1299 3588 1353 3647 per
1374 3569 1484 3630 milites
1509 3571 1706 3631 administra-

364 3670 520 3747 rentur⁶)‚
550 3689 598 3731 ree
621 3671 664 3730 ita
685 3679 851 3748 temperata
876 3679 935 3743 est,
963 3680 995 3728 ut
1021 3677 1193 3730 arcerentur
1218 3671 1256 3730 ab
1283 3671 1322 3730 iis
1349 3671 1459 3731 milites
1486 3673 1707 3750 provincialem

427 3899 450 3962 ¹)
471 3901 545 3952 Duos
564 3903 651 3952 titulos
670 3904 772 3968 repperi
791 3903 820 3954 C.
834 3903 887 3965 VI,
908 3903 977 3953 3411
999 3909 1026 3952 ει
1043 3903 1078 3966 X,
1099 3901 1169 3952 3417
1199 3901 1281 3952 ιιιιιιιιι
1301 3901 1399 3952 ordinis
1417 3909 1554 3970 ιιιτιιιιιᾳιιε
1572 3905 1710 3970 stipendia

369 3993 482 4058 gregalia
501 4001 527 4043 et
546 3995 679 4045 erecestre
698 3995 827 4045 communi
844 3995 1032 4060 stipendiomm
1051 3993 1177 4045 vocabulo
1195 4001 1418 4057 connumerantes,
1438 4010 1520 4047 annos
1542 3999 1711 4050 evocationis

371 4087 414 4150 qui
434 4085 563 4150 stipendis
581 4087 649 4137 nude
668 4087 781 4152 appellet
799 4086 906 4137 nullum.

427 4173 452 4243 ²)
474 4178 503 4229 C.
520 4180 567 4241 VI,
588 4181 668 4230 2440.
689 4180 769 4229 2448.
791 4177 870 4229 2530.
892 4179 972 4228 stae.
1011 4175 1093 4229 Orell.
1113 4178 1193 4230 3547.

425 4269 449 4333 ⁸)
470 4272 499 4322 C.
513 4270 566 4333 v1‚
594 4271 680 4333 2578,
710 4271 754 4321 ubi
779 4277 943 4336 opponuntur
967 4268 1095 4337 stupendis
1112 4269 1246 4320 militaria
1295 4269 1441 4322 Brsmbsch
1461 4273 1528 4321 717:
1552 4272 1711 4339 ειιριειιιιια)

367 4359 474 4425 XLVI,
494 4361 639 4425 milidone)
659 4358 740 4424 XVI,
765 4363 897 4414 curatoria
914 4358 1109 4426 cumanorum)
1129 4359 1203 4424 ΙΙΙΙ,
1228 4363 1361 4413 sensatico
1378 4359 1437 4424 III,
1462 4369 1596 4428 praeterea
1614 4373 1712 4416 centu·

367 4455 474 4505 rionica.
497 4483 529 4492 -
550 4455 688 4520 Stipendia
706 4462 764 4520 post
782 4455 940 4518 missionem,
960 4469 1026 4521 quae
1046 4455 1176 4506 contraria
1193 4460 1260 4516 sunt,
1280 4470 1332 4505 non
1352 4461 1421 4506 recte
1433 4454 1593 4508 Schmidtins
1611 4472 1639 4520 p.
1653 4459 1712 4510 334

368 4545 453 4597 effecit
471 4562 503 4598 ex
524 4547 598 4597 titulo
618 4547 745 4598 Africano
766 4547 795 4598 0.
809 4547 884 4610 VIII,
906 4547 987 4608 2961,
1007 4561 1089 4597 annos
1109 4547 1176 4596 vitae
1196 4560 1253 4596 cunr
1271 4546 1407 4612 stipendiis
1425 4547 1595 4599 contundens.

426 4635 452 4700 ι)
473 4639 503 4689 C·
516 4639 563 4700 VI,
584 4639 663 4689 2495.
685 4637 764 4690 2589.
786 4640 867 4690 3419.

430 4729 454 4791 ⁸)
474 4731 503 4782 C.
517 4731 566 4791 VI,
588 4729 684 4790 2443,
706 4731 755 4792 IX,
776 4731 856 4782 3840.
896 4729 976 4783 Οιειι.
998 4731 1078 4781 1643.
1116 4729 1202 4796 Supra
1220 4747 1246 4796 p.
1261 4729 1295 4780 57
1315 4745 1340 4780 ιι.
1356 4731 1417 4781 143.

426 4819 450 4882 ⁶)
470 4822 607 4884 Quaenam
628 4837 659 4872 ee
676 4822 773 4873 inerint
790 4822 841 4873 boc
867 4821 926 4874 loeo
956 4837 1004 4888 ego
1028 4839 1080 4873 non
1103 4837 1228 4888 exequar3
1258 4823 1305 4874 ssd
1328 4823 1385 4887 ipsa
1410 4837 1451 4874 res
1476 4823 1555 4888 digna
1577 4831 1616 4874 est
1644 4841 1717 4891 quse

368 4913 504 4978 diligenter
522 4921 656 4977 tractetur,
681 4921 825 4978 exponatur
849 4915 959 4978 scilicet,
991 4916 1103 4980 exempli
1123 4930 1199 4967 causa
1224 4915 1252 4966 in
1270 4929 1299 4964 re
1318 4915 1449 4965 mensoria
1473 4915 1513 4964 val
1537 4915 1717 4968 frumentaria

371 5006 498 5069 principes
516 5021 582 5071 quos
601 5007 731 5057 adiutores
751 5007 915 5058 adhibuerint
934 5017 959 5057 et
982 5009 1112 5074 qnatenus¹
1132 5009 1243 5059 militaro
1267 5007 1380 5058 officium
1404 5007 1438 5058 ad
1464 5008 1567 5074 regom
1591 5007 1640 5058 ills
1667 5025 1719 5061 sua

367 5105 460 5148 natura
478 5112 643 5166 nequaquam
665 5099 804 5150 castrensis
825 5099 975 5156 translatum
994 5099 1036 5152 sit.
