3524 5932
373 461 444 534 638
946 481 1130 533 nonusuu

371 655 528 727 Lancieni,
546 656 702 714 Iunirorius
725 659 860 715 1llermvs
884 665 908 714 et
931 657 1008 715 lllllll
1027 659 1152 733 promoti
1174 674 1236 713 cum
1251 654 1393 730 [clollepis
1409 655 1502 714 llllllll
1517 655 1610 731 officii.
1641 653 1687 714 Sed
1750 725 1751 728 Ἴ

372 759 444 818 certi
468 759 608 835 quiddam
632 778 668 816 nc
691 779 729 816 ex
751 759 806 816 bac
829 758 947 834 quidem
970 758 1106 817 efficitur.
1142 792 1180 800 -
1213 757 1314 816 Minus
1338 757 1518 816 dubitationi
1545 757 1686 816 obnoxium

372 871 428 934 est,
451 862 530 939 quod
553 861 696 939 postremi
719 861 852 918 omnium
876 860 1005 919 salutant
1027 859 1190 936 [officiales
1213 879 1245 919 eu
1267 861 1376 919 ordine.

417 1142 558 1216 Sequitur
580 1142 709 1199 edictum
732 1141 872 1213 alterum,
901 1159 1057 1216 quoquae
1080 1140 1116 1197 de
1139 1139 1242 1198 ordine
1262 1139 1445 1198 iudiciorum
1471 1137 1586 1197 saeculi
1611 1140 1689 1213 quarti

374 1264 516 1303 noramus
540 1263 599 1303 uon
620 1262 678 1302 uno
700 1245 818 1300 nominc
841 1251 1032 1320 augmentum
1055 1242 1213 1319 accipiunt.
1248 1241 1320 1318 Agit
1342 1242 1421 1300 enim
1443 1242 1480 1300 de
1496 1241 1534 1300 iia
1550 1258 1691 1316 quaepar-

375 1357 419 1406 tes
441 1348 504 1405 litis
528 1365 619 1405 eausa
641 1357 794 1422 praestare
818 1346 940 1417 debent,
968 1345 998 1403 id
1022 1353 1068 1403 est
1089 1346 1125 1403 de
1150 1343 1356 1420 commodis¹)
1385 1344 1448 1402 sive
1477 1342 1618 1419 sportulis
1641 1343 1690 1400 olli·
1752 1369 1753 1380 ¹

375 1451 496 1509 cialium
523 1457 552 1508 et
580 1449 721 1506 similium
751 1466 956 1523 personarum.
1009 1445 1092 1520 Quos
1121 1448 1232 1505 abusus
1258 1447 1315 1505 hoc
1342 1445 1470 1504 edictum
1496 1445 1643 1521 respiciat,
1668 1447 1691 1502 in

376 1555 546 1611 uuiversum
569 1551 701 1609 declarat
722 1550 772 1608 lex
795 1549 930 1627 aequalis
954 1550 1030 1621 fere,
1057 1549 1127 1608 anui
1151 1548 1265 1608 scilicet
1288 1549 1358 1621 370,
1382 1545 1416 1607 G.
1433 1547 1489 1606 Th.
1509 1549 1537 1619 1,
1553 1545 1603 1617 29,
1617 1549 1641 1619 ⁵,
1653 1549 1691 1621 so

375 1660 466 1714 reneis
489 1658 576 1730 iurgii
590 1655 713 1728 fraudes
736 1671 908 1725 recensens,
938 1654 1004 1710 duni
1025 1663 1075 1711 out
1097 1656 1215 1710 avarior
1236 1654 1388 1710 instruitur
1409 1651 1565 1710 advocatus
1592 1661 1637 1708 out
1656 1652 1692 1708 ol·

376 1757 496 1833 ses[sor]
531 1750 675 1832 lirnini32)
713 1756 868 1814 iuratoribus
897 1758 1033 1830 princeps
1058 1756 1198 1830 praemiis
1230 1762 1373 1825 moratur,
1408 1753 1474 1810 dum
1500 1761 1568 1810 octo
1596 1753 1628 1810 ab
1658 1771 1692 1808 er·

376 1860 535 1934 captoribus
558 1859 766 1928 distrabantur,
793 1859 858 1915 dum
881 1858 1019 1914 commodi
1038 1860 1149 1914 nomine
1170 1857 1293 1931 amplius
1316 1855 1352 1912 ab
1375 1875 1406 1913 eo
1428 1859 1478 1929 qui
1504 1859 1606 1913 vicerit
1627 1859 1695 1912 inter·

377 1980 471 2021 sessor
494 1960 545 2035 (=
564 1971 717 2031 executum
749 1960 784 2018 cl.
811 1958 844 2017 G.
861 1959 934 2016 lust.
960 1961 986 2032 1,
1008 1959 1057 2030 40,
1080 1958 1111 2035 8)
1139 1960 1262 2033 exposcit
1288 1976 1374 2033 quom
1399 1959 1567 2014 redditurus
1597 1967 1633 2014 est
1657 1956 1693 2013 ille

376 2069 426 2139 qui
437 2067 531 2138 suerit
543 2074 703 2136 superatus.
740 2061 819 2120 Nam
836 2080 938 2119 omnes
952 2062 993 2133 hi,
1017 2060 1165 2132 advocati,
1188 2061 1338 2137 princeps,
1360 2069 1549 2136 exceptores,
1572 2067 1696 2117 executor

376 2166 553 2224 redeuntia
577 2164 673 2222 edicto
695 2163 875 2223 Mariscioui.
913 2164 1023 2240 Agitur
1045 2173 1143 2222 autem
1166 2161 1197 2220 in
1219 2181 1255 2220 eo
1278 2162 1314 2220 dc
1336 2162 1547 2222 emolumentis
1563 2169 1695 2240 praestan·

377 2269 423 2328 dis
445 2269 494 2328 his
516 2267 668 2344 personis:

533 2399 559 2454 l.
583 2394 712 2471 principi
733 2393 774 2469 (v.
796 2392 930 2469 13-22)

533 2496 560 2556 2.
584 2497 782 2554 corniculario
805 2497 847 2572 (v.
865 2495 1002 2571 23-25)

533 2602 560 2659 3.
584 2599 843 2658 commentariensi
865 2597 905 2675 (v.
924 2597 1060 2676 23-25)

533 2704 562 2760 4.
585 2700 771 2759 scholasticis
795 2701 836 2777 (v.
854 2700 991 2776 25-34)

533 2805 561 2862 t.
585 2803 796 2879 exceptoribus
820 2803 860 2879 (v.
878 2801 1019 2876 34-46)

534 2905 561 2964 6.
585 2905 735 2964 libellensi
758 2905 800 2980 (v.
817 2904 954 2981 46-48)

532 3008 560 3066 7.
584 3007 707 3066 officiali
729 3008 885 3066 executori
907 3006 949 3082 (v.
964 3005 1112 3081 48-51).

420 3139 470 3196 Ex
492 3137 538 3194 his
562 3136 612 3213 qui
636 3136 782 3212 singulari
804 3154 928 3195 numero
951 3135 1114 3194 efferuntur
1136 3133 1278 3192 officiales
1302 3141 1382 3204 sunt,
1405 3153 1466 3194 non
1488 3135 1633 3194 officiales
1652 3146 1701 3192 tan

380 3240 565 3312 scholastici,
589 3238 619 3296 id
642 3246 688 3296 est
710 3221 895 3314 aduocatil),
919 3256 1007 3315 quam
1030 3247 1216 3311 exceptores.
1261 3236 1411 3295 Advocati
1433 3237 1513 3295 enim
1537 3257 1577 3296 ex
1598 3237 1701 3316 publico

380 3341 521 3400 salarium
550 3341 612 3410 vel,
645 3347 678 3397 ut
704 3340 791 3397 huius
818 3339 926 3398 aetatis
954 3338 1094 3416 loquendi
1122 3357 1207 3398 usum
1241 3357 1416 3414 sequamur,
1451 3359 1602 3398 annonam
1633 3340 1701 3396 nullo

380 3453 514 3519 tempore
537 3442 732 3519 accipiebant,
755 3459 808 3500 nec
831 3443 927 3519 magis
951 3442 1006 3499 bac
1029 3442 1147 3518 quidem
1171 3451 1268 3498 aetate
1284 3441 1471 3517 accipiebant
1486 3441 1700 3518 exceptorcs⁴):

381 3573 586 3580 --.-.-——-—

439 3646 462 3708 ¹)
483 3647 648 3698 Athalarieus
668 3651 737 3714 apud
757 3647 950 3698 Cassiodorium
969 3649 1126 3711 var.9,14:
1151 3648 1176 3698 si
1192 3655 1278 3698 oestro
1300 3649 1448 3698 conueniunt
1472 3648 1575 3701 decreto
1593 3649 1701 3718 pulsatur.

381 3747 474 3791 tontum
493 3740 614 3791 commodi
628 3743 758 3808 percipiat
776 3747 904 3802 executor,
929 3748 1045 3807 quantum
1063 3741 1191 3807 pioriosus
1210 3741 1313 3792 domnus
1332 3757 1395 3791 auus
1413 3748 1499 3791 annm
1513 3759 1566 3809 pro
1585 3739 1704 3792 donoriirr

375 3849 542 3901 personarum
561 3832 649 3884 debere
668 3836 768 3884 aciones
787 3835 902 3901 occipere
924 3849 1045 3900 expressa
1068 3835 1207 3899 quontitate
1230 3835 1373 3885 constiutit.-
1402 3834 1553 3885 commodum
1576 3837 1636 3886 errius
1661 3847 1703 3881 cerr

381 3925 523 3976 debetcum
542 3926 622 3976 modo.
662 3926 842 3992 sportularum
862 3927 1015 3978 vocabulum
1034 3933 1092 3991 post
1110 3927 1205 3978 Iuliani
1225 3933 1341 3992 tempora
1360 3927 1464 3977 demum
1483 3929 1520 3978 ita
1540 3935 1654 3992 coeptum
1673 3924 1704 3972 ri·

381 4019 455 4068 detur
474 4035 527 4069 esse
542 4021 667 4084 usurpari.

438 4151 463 4215 ²)
484 4105 555 4203 odaei
579 4153 611 4211 ll!
636 4154 730 4203 liminis
755 4155 837 4203 codex
863 4155 1003 4204 secuudum
1028 4154 1188 4218 Kmegemm
1217 4151 1255 4217 (in
1280 4155 1343 4204 actis
1368 4155 1510 4205 maioribus
1536 4153 1607 4204 acad
1630 4151 1704 4202 seru.

381 4260 404 4294 a.
422 4247 491 4310 1579
511 4261 535 4309 p.
551 4246 611 4307 20);
639 4247 755 4312 suppleri
774 4247 812 4294 lta
830 4253 859 4295 ut
877 4247 1034 4310 significetur
1057 4247 1176 4310 princeps
1201 4261 1216 4295 a
1239 4247 1369 4311 litigatore
1394 4255 1502 4312 propter
1525 4247 1659 4313 ingressum
1676 4241 1703 4292 sd

380 4338 525 4401 praesidem
545 4339 672 4402 sportulas
692 4339 805 4402 exigens.
844 4339 908 4388 Mox
929 4345 1029 4402 etpost
1048 4335 1223 4388 distrahuntur
1242 4339 1342 4389 sustuli.

439 4427 464 4490 ³)
485 4430 773 4495 Betbmaun-Hollweg
795 4427 964 4497 Ciuilprocess
984 4431 1000 4480 3
1021 4447 1046 4495 p.
1063 4431 1123 4481 162.

439 4519 464 4582 ⁴)
484 4522 577 4572 C.Tb.
594 4522 658 4585 ⁸‚⁷‚
675 4523 706 4572 17
728 4523 790 4572 anni
805 4523 873 4573 385:
893 4520 1047 4590 Exceptoree
1067 4539 1149 4573 omues
1167 4521 1294 4574 iudicibus
1313 4521 1473 4591 obsequentes
1492 4526 1536 4591 pui
1548 4539 1591 4574 nco
1604 4521 1704 4570 rrrr'litiorr

380 4614 502 4664 sustinent
522 4630 598 4680 neque
617 4632 634 4664 o
646 4615 711 4678 fiseo
732 4615 801 4665 ullos
820 4623 1003 4682 eorreequuulur
1022 4631 1135 4666 annonas
1154 4631 1305 4666 ...nonore
1324 4617 1418 4684 coeptis
1437 4633 1538 4684 opernm
1556 4615 1650 4665 etiann'
1669 4609 1704 4659 de·

382 4707 498 4757 curiones
516 4707 566 4756 sint
585 4708 681 4758 minime
697 4706 865 4774 prolnbernus.
905 4709 969 4758 Mox
990 4709 1168 4758 condicionem
1192 4715 1324 4760 mutarunt
1342 4710 1486 4759 enumerati
1506 4710 1556 4758 iam
1574 4710 1601 4758 in
1617 4705 1704 4758 Nuntia

382 4799 545 4863 Dignitatum
565 4801 632 4850 inter
651 4800 783 4850 officiales.
822 4801 863 4850 Ita
882 4815 936 4850 rem
955 4801 1067 4864 explicat
1085 4800 1374 4866 Bethmunn-Houweg
1397 4799 1565 4869 Cr'oiiprocrrr
1584 4801 1600 4850 3
1619 4815 1641 4863 p.
1654 4797 1703 4849 15⁴.

382 4892 491 4942 sortasse
510 4899 587 4942 recte.
620 4893 769 4943 Videndum
788 4901 887 4954 tamen,
908 4907 995 4942 aunon
1015 4894 1042 4941 in
1062 4893 1163 4943 iudiciis
1183 4893 1234 4942 duo
1253 4893 1349 4944 fuerint
1367 4911 1463 4958 genera
1482 4903 1652 4958 exceptorum,
1674 4887 1704 4936 sl·

383 4989 465 5033 terom
485 4991 638 5050 occupatum
657 4986 684 5034 iu
704 4987 767 5035 actis
786 4985 894 5051 publicis
913 4993 938 5034 et
957 4985 1097 5035 admissum
1117 4986 1150 5035 ad
1170 5001 1296 5048 annones,
1316 4987 1425 5038 alterum
1445 4988 1514 5052 quod
1530 4984 1703 5051 partiturque

383 5091 472 5126 corum
491 5077 617 5128 intererat
635 5077 730 5128 habere
748 5094 781 5128 ex
802 5078 866 5128 actis
885 5079 1060 5143 suppeditaret
1079 5078 1196 5128 mercede
1216 5085 1333 5143 accepta3
1353 5079 1375 5130 si
1395 5079 1433 5130 ita
1451 5087 1515 5141 erat,
1533 5077 1649 5128 hocloco
1661 5071 1702 5121 boe

383 5169 551 5234 intellegitur.
