3574 5942
105 447 203 498 rra-ars
337 447 506 498 umcrvrr
531 446 770 500 nrocnnrrsnr
795 447 844 496 ns
871 445 1013 498 aasrns
1040 444 1176 496 annun.
1373 423 1418 492 87

110 549 560 564 ’.κῇ-.-

207 819 435 898 EDICTVM
461 820 782 899 DIOCLETIANI
809 820 876 896 DE
904 819 1095 896 PRETIIS
1122 818 1292 896 RERVM

464 981 507 1058 (p.
525 978 595 1040 sor.
615 981 704 1040 ross.
741 979 818 1057 apr.
835 978 879 1037 1v
901 998 930 1055 p.
950 979 1031 1056 rso).

243 1151 546 1216 FRAGMENTVM
568 1151 849 1213 LEBADIAOVM
872 1151 1081 1227 QVARTVM
1104 1153 1146 1230 (p.
1164 1150 1250 1229 812).

97 1291 154 1350 242
174 1291 306 1368 Paginae
323 1283 439 1367 'prioris
462 1313 491 1350 v.
505 1289 606 1351 9—12
630 1291 754 1356 redeunt
775 1290 805 1347 in
828 1291 931 1349 tabula
948 1288 1158 1350 Geranthraea
1179 1291 1283 1366 quinta
1300 1309 1328 1346 n.
1341 1286 1415 1358 246,

131 1393 174 1450 nbi
188 1393 257 1452 ride
278 1393 432 1453 adnotata.
472 1396 499 1466 l,
516 1393 553 1452 72
577 1397 698 1474 supplet
714 1395 895 1456 Schmidtius
910 1393 1005 1451 Mittit.
1022 1395 1071 1451 des
1088 1393 1181 1450 athen.
1197 1391 1269 1450 Inat.
1288 1391 1304 1447 7
1329 1411 1357 1448 n.
1375 1390 1413 1448 29

131 1485 272 1570 [φῙᾰκελοι
296 1486 421 1572 tuirstat]
446 1496 509 1552 sive
531 1488 648 1576 >.ι’[νου].
692 1498 775 1556 Idem
798 1498 940 1556 observat
962 1495 1101 1570 paginam
1124 1494 1318 1568 posteriorem
1333 1491 1413 1567 frag-

128 1597 208 1655 menti
231 1595 393 1655 Lebadiaci
415 1598 512 1672 quarti
537 1607 566 1656 et
592 1601 709 1658 tertiam
738 1597 895 1676 fragmenti
920 1595 1119 1656 Geranthraei
1146 1594 1242 1670 quinti
1270 1593 1307 1651 ad
1333 1591 1412 1651 idem

127 1709 207 1774 caput
229 1697 409 1774 pertinuisse
431 1717 589 1758 recensens
611 1701 834 1760 medicamenta.

301 1916 492 1977 axanrnr
518 1919 710 1978 rnnssnnr
741 1919 804 1978 nn,
827 1920 859 1977 11
885 1917 977 1994 (apr.
993 1917 1039 1976 1v
1062 1938 1090 1994 p.
1110 1916 1192 1993 rso).

93 2035 151 2094 248
171 2037 357 2114 Recognovit
377 2038 442 2096 Ioh.
460 2037 595 2100 Schmidt
616 2050 646 2099 et
666 2047 806 2117 ectypum
829 2039 967 2115 sumpsit,
990 2057 1048 2114 quo
1070 2057 1137 2096 mea
1158 2037 1245 2095 lectio
1270 2037 1410 2094 universa

126 2139 318 2198 confirmatur.
352 2139 448 2199 Addit
462 2138 599 2202 Schmidt
612 2141 673 2213 1,4
696 2142 776 2200 cerni
791 2141 842 2214 Μ,
866 2141 960 2200 videri
983 2139 1076 2199 fuisse
1098 2156 1143 2211 ιε,
1165 2140 1237 2197 item
1253 2139 1282 2196 in
1299 2137 1410 2214 pagina

125 2241 211 2299 altera
232 2241 314 2300 addit
336 2249 406 2300 ante
428 2243 555 2319 primum
578 2261 698 2303 versum
713 2265 810 2304 meum
826 2244 1094 2320 cernimsupra
1109 2256 1132 2300 0
1147 2259 1252 2300 versus
1266 2239 1407 2317 proximi.

129 2343 276 2401 -dda,
299 2327 399 2424 sri-
428 2344 463 2401 ll
494 2359 630 2426 Qu),-

90 2671 150 2732 244
170 2673 311 2752 Thespiis
334 2673 579 2752 (Eremoitastro)
601 2695 665 2752 rep.
687 2676 766 2735 inter
788 2675 896 2737 rudera
917 2675 1019 2754 oppidi
1042 2674 1166 2751 antiqui.

618 2825 695 2854 ΙΙΛ
801 2841 821 2854 ιι

567 2904 751 2958 occense
785 2916 806 2956 a
853 2887 951 2982 υτὲρας

570 3010 758 3061 curamue
792 2994 902 3070 rre'rrp

568 3117 635 3161 sno
656 3117 805 3161 sruorr
835 3093 936 3179 αχέως

536 3149 823 3288 Q

90 3321 242 3401 Descripsit
268 3325 333 3383 loh.
358 3323 493 3384 Schmidt
525 3337 555 3383 et
586 3331 724 3400 ectypum
750 3325 828 3383 fecit.
882 3325 937 3385 Ed.
960 3305 1164 3384 ⁴Kumanudes
1196 3318 1350 3392 Ἀθηναῖον
1383 3322 1399 3378 7

88 3425 185 3502 (1878)
206 3446 232 3502 p.
250 3425 321 3485 289.

125 3529 134 3584 l
159 3547 214 3585 non
236 3529 356 3586 ridetur
378 3528 468 3586 fuisse
490 3527 569 3602 quod
592 3535 784 3604 expectamus
808 3519 924 3609 ψώραης
946 3521 1061 3611 πρώτης.

122 3629 246 3688 Pertinet
267 3631 305 3689 ad
327 3630 423 3688 locum
445 3629 594 3705 quendam
615 3647 639 3687 o.
659 3628 706 3702 18,
729 3636 801 3705 puta
822 3649 850 3688 v.
868 3627 896 3687 2.
913 3629 941 3688 3.
958 3631 987 3688 4.

316 3863 616 3925 FRAGMENTVM
646 3863 926 3925 LEBADIAOVM
955 3863 1160 3940 QVINTVM.

87 3983 146 4042 245
177 3983 320 4044 Liradiae
345 3987 496 4044 Iohannes
524 3981 662 4043 Schmidt
692 3984 867 4062 fragmentis
899 3995 1040 4062 quattuor
1066 3995 1155 4044 antea
1187 3985 1266 4044 notis
1292 3986 1404 4046 trustra

120 4087 255 4160 quaesitis
276 4087 408 4164 repperit
429 4087 565 4162 quintum
589 4086 687 4144 adhuc
708 4088 842 4164 ignotum
864 4087 1042 4146 collocatum
1068 4087 1098 4145 in
1123 4087 1236 4162 pariete
1261 4087 1403 4146 ecclesiae

120 4187 264 4264 Pasagiae
286 4187 418 4246 Eleusae
440 4187 592 4264 ediditque
614 4189 652 4246 ad
675 4187 843 4264 exemplum
871 4198 901 4246 et
928 4197 1063 4266 ectypum
1087 4187 1220 4246 antiton.
1248 4191 1296 4247 des
1322 4191 1401 4248 arch.

123 4289 242 4348 Iustinus
262 4294 293 4348 in
314 4289 409 4347 Athon
431 4290 449 4347 5
472 4288 583 4365 (1880)
606 4309 634 4365 p.
649 4289 688 4346 70
711 4288 811 4346 additu
832 4289 943 4347 tabula.
987 4289 1120 4365 Paginae
1142 4299 1305 4364 supersunt
1326 4291 1402 4348 duae

120 4389 201 4447 iuxta
223 4391 351 4467 positae,
381 4409 505 4468 quarum
534 4391 617 4465 prior
646 4390 779 4448 continet
806 4389 923 4449 Graeca
950 4390 1162 4468 respondentia
1182 4390 1300 4450 Latinis
1330 4413 1355 4450 c.
1374 4394 1402 4465 1,

122 4489 157 4548 33
173 4523 210 4533 -
223 4511 247 4550 c.
264 4493 293 4564 4,
309 4493 338 4566 4,
361 4493 510 4567 posterior
536 4491 747 4570 respondentia
769 4490 887 4550 Latinis
909 4511 934 4548 c.
952 4492 980 4565 7,
1002 4491 1117 4550 1-75.
1160 4493 1228 4551 Hoc
1253 4495 1401 4570 fragmen·

121 4599 179 4650 tum
201 4593 376 4668 pertinuisse
398 4592 436 4651 ad
459 4595 626 4669 exemplum
646 4593 795 4652 diversum
812 4594 911 4664 abeo,
935 4592 1012 4651 unde
1026 4599 1167 4668 quattuor
1182 4594 1243 4654 alia
1257 4594 1401 4655 Livadiae

120 4705 230 4768 reperta
250 4705 424 4772 supersunt,
446 4696 516 4754 inde
538 4695 727 4771 potissimum
750 4693 932 4755 Schmidtius
955 4694 1066 4767 effecit,
1089 4697 1168 4772 quod
1191 4714 1215 4754 c.
1233 4696 1261 4769 7,
1280 4697 1399 4755 18-73

120 4793 147 4851 in
170 4805 288 4872 utroque
310 4797 474 4874 exemplari
492 4797 534 4855 ita
549 4798 669 4868 adsunt,
692 4806 724 4855 ut
739 4796 821 4854 nullo
836 4795 924 4854 modo
940 4795 1016 4855 inter
1031 4815 1064 4856 se
1079 4805 1226 4874 aptentur.
1264 4797 1401 4875 Diligen-

120 4895 258 4956 tissimam
279 4899 440 4956 editionem
463 4918 528 4956 cum
551 4899 640 4958 facile
661 4899 713 4974 qui
737 4897 817 4955 volet
838 4899 915 4956 inter
931 4915 964 4954 se
979 4907 1140 4976 comparet,
1162 4899 1299 4957 hocloco
1316 4900 1401 4957 susti-

122 5015 184 5055 cere
204 4999 294 5058 uisum
317 5009 364 5058 est
386 5000 543 5058 lectionem
559 4998 716 5059 Schmidtii
739 5019 804 5058 oum
821 4998 1036 5076 supplementis
1051 5002 1114 5061 eius
1128 5009 1262 5078 repetere
1277 5001 1402 5060 adiectis

122 5097 352 5160 adunationibus
374 5101 552 5178 quibusdam
575 5101 612 5160 ab
635 5103 703 5180 ipso
726 5101 787 5160 sere
809 5100 987 5177 adsumptis.
1096 5089 1099 5096 ’
