3574 5942
358 462 428 532 140
935 479 1117 532 1111111111

353 655 390 714 ab
411 655 482 730 imp.
501 653 666 714 Anastasio
682 653 718 709 ad
735 653 841 712 ducem
852 651 967 731 Libyae
978 652 1136 715 Danielem
1152 651 1256 732 data¹)
1272 654 1321 712 his
1337 653 1451 713 verbis:
1473 648 1554 711 καθ’
1571 642 1692 712 ἕκαστον

353 747 416 819 ἔτος
438 747 646 838 [παρέχονται]
671 797 719 814 ...
742 753 774 810 ἐκ
795 746 908 812 πάντων
930 756 981 812 τῶν
997 752 1128 839 ἀριθμῶν
1144 801 1151 816 .
1166 800 1196 817 ..
1213 746 1360 838 διαφίροις
1374 749 1515 827 1111τᾶτῆ1
1530 749 1689 836 εἷ[ξ1’]α[ν]

352 849 583 940 π[ρ11·]ω’π[1]1ς
605 846 771 918 ...οὕτως’
794 849 982 940 συνκαθὲδρῳ
1004 859 1056 915 τοῦ
1080 849 1270 944 περιβλέπων
1289 847 1689 939 δουκόςνο(μ1’1ματα)ροδ’·

353 953 506 1035 δομεπίκῳ
528 959 581 1017 τοῦ
600 954 691 1016 adrat
714 951 902 1036 vomicam)
924 953 987 1040 pas'
1016 959 1077 1036 (vel
1104 951 1204 1043 ρκγ’)·
1232 951 1425 1040 κανκιλλαρῖῳ
1451 961 1504 1017 reti
1527 954 1619 1017 αὐτοῦ
1645 981 1689 1016 vc·

352 1053 506 1136 (μῖσματα)
533 1052 586 1117 κδ’
612 1061 673 1136 (vel
696 1051 768 1142 pd').
822 1059 917 1134 Quem
945 1061 1043 1120 locum
1071 1063 1208 1136 tenuerit,
1237 1081 1297 1122 non
1323 1061 1422 1120 facilis
1449 1062 1598 1138 indaginis
1627 1071 1689 1131 est;

352 1163 527 1222 crediderim
552 1172 650 1222 tamen
674 1183 740 1221 1111
763 1163 916 1240 proprium
939 1163 1033 1223 fuisse
1056 1183 1157 1223 eorum
1181 1164 1232 1239 qui
1255 1163 1366 1222 milites
1386 1171 1503 1240 regunt.
1540 1160 1621 1223 Saue
1635 1163 1689 1222 do·

352 1267 491 1325 mesticos
515 1282 606 1325 sensu
628 1264 750 1336 latiore,
776 1264 939 1322 familiares
963 1264 1030 1323 dico
1051 1266 1081 1323 in
1104 1266 1194 1325 domo
1217 1273 1387 1338 versantes,
1415 1264 1567 1341 potentior
1587 1265 1688 1340 quivis

352 1367 456 1427 habuit
478 1386 532 1425 nec
554 1365 654 1424 statim
678 1367 728 1426 ubi
750 1365 978 1424 domesticorum
1004 1366 1046 1424 ita
1072 1367 1182 1425 mentio
1209 1367 1242 1424 fit
1267 1366 1403 1442 legitima
1427 1366 1566 1425 vocabuli
1593 1366 1688 1442 signi-

351 1470 451 1529 ficatio
478 1468 661 1527 admittenda
687 1463 782 1543 est2).
838 1465 929 1525 Certa
954 1477 1052 1526 sutem
1080 1467 1217 1545 exempla
1242 1468 1396 1527 domestici
1425 1467 1507 1526 illins
1536 1467 1688 1526 adsessori

352 1569 542 1647 comparandi
564 1577 707 1644 quantum
732 1569 790 1626 vidi
812 1569 1001 1627 continentur
1021 1570 1050 1626 in
1073 1589 1105 1628 11
1127 1568 1299 1645 1111111113).
1347 1569 1527 1628 Habuerunt
1549 1569 1688 1628 domesti-

352 1690 403 1731 cos
426 1672 561 1748 magistri
583 1671 725 1742 militum,
754 1679 785 1728 ut
808 1669 948 1730 Silvanus
971 1688 997 1728 a.
1016 1671 1075 1730 355
1102 1671 1181 1748 apud
1202 1671 1396 1730 Ammiannm
1415 1670 1462 1744 15,
1479 1671 1506 1745 6,
1525 1671 1555 1742 13
1583 1671 1688 1748 Aspar

352 1793 378 1832 a.
397 1774 452 1833 431
480 1772 558 1848 apud
575 1772 754 1848 Procopium
776 1771 845 1830 bell.
862 1770 957 1830 Vaud.
978 1773 1052 1845 1,4:
1075 1767 1088 1829 d
1113 1761 1143 1829 δὲ
1164 1773 1219 1830 τῶν
1239 1759 1538 1855 ἇπορρῆτωνᾌτπαρι
1557 1761 1614 1848 ἔφη
1629 1794 1688 1828 1111-

353 1863 543 1937 111νόςεῖ111·
570 1863 733 1935 deuio-ruma
760 1861 790 1931 di
816 1874 914 1930 τοῦτον
940 1875 976 1951 τῇ
1002 1863 1127 1957 σφετέρᾳ
1153 1865 1267 1952 γλώττῃ
1293 1875 1415 1932 καλοῦσι
1434 1867 1577 1945 Ῥωμαῖοις
1604 1873 1688 1932 Beli-

352 1977 449 2036 sarlus
473 1973 664 2036 solomonem
686 1977 727 2034 ib.
752 1977 778 2048 l,
803 1977 854 2033 ll:
883 1966 1033 2042 Σολόμων,
1061 1963 1091 2035 dc
1112 1969 1161 2046 τήν
1182 1967 1347 2058 Βελισαρῖου
1374 1965 1542 2056 ἔπετρᾶπιυι
1565 1997 1688 2058 στρατη·

351 2069 433 2156 ιμἀν·
467 2071 628 2146 δομεστικόν
653 2079 752 2135 τοῦτον
778 2077 901 2135 καλοῦσι
926 2073 1065 2141 Ῥωμαῖοι.
1119 2077 1227 2136 Plures
1261 2077 1441 2136 domesticos
1473 2076 1688 2152 magistrorum

351 2180 478 2238 militurn
502 2179 651 2238 adiutores
674 2180 755 2257 apud
777 2179 941 2255 Byzantios
964 2178 1125 2254 scriptores
1152 2179 1290 2238 inventos
1317 2180 1487 2254 composuit
1508 2177 1688 2257 Ducangius

350 2283 381 2341 in
403 2283 553 2358 glossario
577 2280 695 2341 Graeco
722 2298 746 2339 s.
768 2300 795 2336 v.
844 2279 920 2338 Item
941 2281 1109 2339 habuerunt
1131 2279 1326 2339 domesticum
1348 2281 1489 2356 magister
1516 2279 1687 2339 ciliciorum

352 2383 544 2460 (Ammianus
561 2384 611 2456 30,
627 2383 656 2454 2,
677 2381 739 2457 ll);
762 2399 861 2440 comes
877 2381 1108 2441 domesticorum
1125 2381 1219 2457 (Nos.
1231 2381 1396 2440 Theodosii
1411 2381 1441 2439 ΙΙ
1454 2379 1489 2440 31
1506 2407 1542 2432 =
1557 2379 1591 2442 Ο.
1608 2381 1687 2441 Iust.

354 2484 401 2556 12,
418 2484 467 2554 29,
488 2484 534 2560 1);
562 2486 623 2542 dux
646 2483 761 2560 Libyae
783 2483 907 2558 (Daniel
930 2501 1022 2558 supra
1043 2485 1150 2543 citatus
1173 2492 1203 2542 et
1224 2483 1411 2554 Vitalianus,
1438 2483 1474 2542 de
1499 2500 1559 2558 quo
1582 2485 1686 2559 mox);

351 2586 414 2645 dux
433 2585 589 2646 Sardiniae
612 2584 662 2661 (O.
679 2585 735 2643 Th.
753 2585 781 2657 9,
806 2583 888 2658 37,3
912 2583 1040 2660 1382).
1085 2584 1165 2642 Addi
1186 2593 1328 2662 poterunt
1349 2585 1457 2662 opinor
1478 2603 1516 2642 ox
1538 2585 1686 2644 institutis

351 2688 529 2747 Theoderici
558 2690 699 2746 domestici
726 2691 832 2745 comitis
856 2685 1012 2746 Gothorum
1038 2706 1087 2744 aee
1113 2705 1171 2744 noa
1197 2697 1224 2744 et
1248 2690 1305 2744 erice
1331 2687 1438 2744 domim
1469 2687 1544 2762 (var.
1567 2687 1596 2758 5,
1621 2687 1685 2762 14),

352 2791 493 2849 domestic-i
514 2793 640 2848 corallum
662 2789 841 2863 accipientes
863 2797 981 2864 praeter
1006 2805 1142 2845 annonas
1170 2805 1224 2846 sex
1253 2805 1366 2846 annuos
1397 2787 1511 2846 solidos
1538 2787 1685 2847 ducentos

352 2901 499 2968 auctoque
521 2892 628 2951 deinde
651 2890 800 2966 stipendio
822 2891 965 2948 ducentos
988 2889 1207 2966 quinquaginta
1233 2889 1309 2964 (var.
1326 2889 1355 2960 9,
1374 2889 1439 2964 13);
1472 2896 1550 2948 certe
1576 2897 1608 2948 et
1636 2909 1687 2949 sa-

350 2994 458 3052 larium
481 3013 516 3051 eo
540 2993 620 3052 ducit
641 3003 670 3050 et
691 2992 755 3050 vice
776 2992 889 3049 domini
916 2991 1080 3066 appellatio
1107 3001 1186 3051 recte
1213 2991 1351 3049 convenit
1376 2991 1540 3050 domestico
1567 2999 1685 3051 nostro.

352 3093 551 3155 Commendat
569 3101 723 3169 praeterea
741 3112 805 3151 eam
821 3093 1033 3161 coniecturam,
1055 3092 1133 3168 quod
1150 3093 1370 3152 constitutionis
1393 3111 1420 3150 a.
1433 3093 1492 3152 417
1515 3091 1565 3169 (C.
1578 3093 1638 3152 Th.
1656 3093 1687 3165 8,

355 3197 437 3266 1,16
462 3221 499 3246 =
524 3193 558 3254 O.
574 3195 648 3254 lust.
668 3198 694 3266 1,
711 3195 761 3267 51,
778 3195 810 3271 6)
839 3195 878 3253 ad
900 3194 1086 3253 Vitalianum
1109 3193 1213 3253 ducem
1236 3193 1351 3271 Libyae
1373 3194 1460 3252 datae
1485 3195 1578 3254 verba
1603 3214 1685 3254 memo

352 3299 387 3356 de
407 3301 578 3355 numerari-is
600 3301 641 3356 tm'
662 3297 748 3372 officii
768 3315 818 3354 seu
838 3297 996 3355 domesticis
1019 3296 1064 3354 vel
1084 3299 1245 3355 scriniariis
1267 3300 1325 3354 sive
1347 3295 1525 3355 adiutoribus
1540 3296 1686 3356 Iustinia-

350 3417 409 3457 nus
431 3400 624 3458 commutavit
644 3399 702 3456 ita:
724 3417 803 3456 nemo
825 3399 860 3456 de
881 3399 1040 3456 domesticis
1062 3399 1162 3455 dueum
1184 3400 1228 3458 vel
1242 3401 1369 3456 comitum
1382 3397 1559 3469 militarium,
1582 3399 1685 3474 officiis

351 3519 446 3560 eorum
467 3511 698 3571 connumeratum
720 3519 788 3559 narn
805 3509 839 3558 ut
852 3501 1017 3575 scripturae
1031 3498 1200 3576 primitivae
1214 3499 1368 3557 domestici
1384 3498 1467 3556 nollo
1482 3499 1571 3557 modo
1587 3499 1685 3576 accipi

350 3612 489 3681 poterunt
504 3602 540 3660 de
556 3603 719 3661 domestico
734 3602 955 3661 constitutionis
971 3601 1203 3671 Anastasianas,
1224 3601 1358 3676 itaquae
1373 3599 1577 3658 Tribonianus
1592 3601 1685 3658 inter·

351 3705 466 3781 pulavit
486 3713 516 3761 et
537 3711 616 3762 recte
638 3704 675 3761 ad
691 3723 756 3762 eum
773 3703 941 3762 referuntur
955 3711 985 3761 et
999 3703 1030 3760 id
1045 3703 1144 3779 ipsum
1159 3701 1237 3778 qnod
1254 3701 1448 3777 supraposui
1463 3701 1630 3760 enuntiant.
1643 3733 1685 3744 -

410 3951 434 4014 ¹)
454 3952 483 4003 C.
498 3954 519 4002 1.
534 3951 580 4004 Gr.
601 3953 686 4014 5187;
715 3952 811 4002 Paulus
829 3953 946 4017 Kruegsr
971 3967 1016 4000 aar
1039 3947 1128 4000 Krite'k
1153 3948 1197 4000 des
1221 3945 1432 3999 Iustinianisolten
1455 3945 1539 3999 Codex
1567 3965 1593 4014 p.
1616 3950 1686 4011 191;

351 4047 448 4109 optime
471 4046 500 4094 Z.
519 4058 536 4093 a
553 4043 709 4108 Lingenthal
728 4046 754 4093 in
774 4045 838 4094 actis
857 4045 929 4093 acad.
949 4043 1125 4093 Beroliuensis
1145 4043 1287 4092 minoribus
1308 4041 1378 4090 1879
1398 4057 1424 4105 p.
1440 4040 1500 4090 137.
1522 4066 1555 4075 -
1580 4043 1688 4090 Aetatis

350 4136 509 4186 Iustinianae
529 4137 679 4186 matriculae
698 4141 824 4201 quotquot
842 4141 979 4199 supersunt
998 4135 1153 4198 (composuit
1170 4149 1213 4184 ess
1226 4135 1344 4197 Kruegsr
1357 4133 1374 4182 l.
1385 4149 1408 4183 c.
1421 4149 1446 4197 p.
1459 4131 1522 4192 138)
1542 4138 1688 4197 111111111-

350 4229 476 4278 fectorum
497 4229 626 4291 praetorio
646 4234 671 4276 et
689 4227 836 4292 praesidum
856 4241 933 4291 qnam
953 4226 1046 4276 ducum
1066 4227 1234 4276 domesticum
1254 4240 1306 4274 non
1324 4223 1428 4273 habent.

409 4317 433 4381 ²)
454 4321 494 4370 lta
512 4335 587 4384 quem
607 4319 777 4369 domesticum
796 4334 870 4368 auum
889 4332 967 4382 supra
986 4333 1011 4382 p.
1029 4317 1080 4366 133
1100 4317 1211 4368 vidimus
1223 4316 1352 4380 appellere
1367 4315 1559 4380 Symmachum,
1579 4317 1689 4367 Firmus

351 4414 406 4462 sins
426 4411 505 4461 dubio
524 4413 561 4461 ita
580 4411 743 4476 accipiendus
763 4416 801 4460 est
828 4409 871 4470 (cl.
896 4409 965 4458 idem
991 4423 1031 4472 cp.
1052 4411 1077 4470 2,
1098 4409 1157 4470 71),
1186 4422 1268 4472 neque
1294 4407 1371 4456 aliter
1393 4409 1548 4472 accipiemus
1575 4409 1603 4458 in
1629 4409 1689 4472 lege
1779 4471 1780 4490 ᾗ

350 4519 374 4554 a.
389 4505 442 4554 380
463 4502 648 4564 (Ο.Τ11.3,6,
666 4501 691 4564 1)
712 4500 938 4551 administrantium
951 4499 1024 4567 filios
1043 4505 1143 4566 nepotes
1159 4499 1315 4564 propinquos
1327 4499 1468 4565 participes
1481 4497 1689 4565 damnamusque,

351 4597 414 4646 item
433 4595 542 4644 sortasse
562 4594 589 4644 iu
608 4595 746 4644 coniuncta
764 4594 820 4658 lege
840 4593 869 4644 C.
884 4591 934 4642 Th.
951 4595 975 4652 8,
991 4593 1034 4652 15,
1049 4593 1065 4641 6
1086 4599 1110 4641 11
1129 4592 1156 4640 11
1174 4589 1250 4640 tertia
1269 4591 1294 4651 6,
1311 4592 1354 4651 28,
1370 4591 1395 4641 3.

409 4685 433 4748 ³)
454 4687 622 4736 Inveniuntur
641 4701 703 4735 sane
722 4685 916 4735 constitutiones
935 4698 1002 4749 quae
1021 4700 1079 4733 cum
1098 4681 1131 4731 ad
1149 4681 1303 4731 domesticos
1322 4681 1370 4732 hos
1384 4681 1518 4732 videantur
1532 4682 1690 4732 rslsrcndae
1779 4723 1780 4746 ,

350 4794 413 4840 ease,
433 4785 461 4828 ut
481 4779 510 4829 C.
524 4777 574 4828 Th.
592 4778 615 4838 1,
630 4779 674 4838 35,
689 4779 705 4827 3
726 4796 759 4817 =
781 4777 845 4827 Cod.
857 4777 920 4826 Iust.
937 4780 961 4837 1,
977 4775 1021 4836 51,
1037 4776 1051 4824 8
1073 4781 1098 4823 et
1118 4774 1149 4824 C.
1162 4774 1224 4822 Iust.
1240 4775 1264 4835 1,
1280 4774 1323 4834 51,
1341 4774 1365 4824 3.
1380 4775 1405 4824 4.
1420 4775 1446 4836 9,
1465 4773 1621 4838 generaliter
1642 4789 1691 4824 eos

349 4871 486 4932 iudicibus,
506 4870 534 4919 id
553 4876 591 4919 est
610 4869 771 4933 praesidibus
790 4868 948 4918 adscribunt.
981 4866 1097 4917 Titulum
1116 4867 1231 4930 corporis
1245 4865 1422 4916 'l'heodosisni
1441 4866 1484 4930 qui
1503 4865 1555 4914 huc
1574 4867 1690 4929 pertinet
1779 4895 1780 4910 2

350 4963 371 5012 si
391 4963 518 5026 integrum
536 4960 698 5022 haberemus,
719 4962 812 5010 certius
831 4960 937 5010 omniuo
957 4958 990 5008 de
1009 4959 1154 5009 domesticis
1173 4958 1354 5008 indicaremus.
1377 4983 1410 4993 -
1431 4959 1456 5008 A
1476 4956 1619 5008 matriculis
1640 4957 1691 5006 dn·
1779 4983 1780 4986 =

350 5069 417 5112 cum,
437 5068 501 5116 quos
520 5069 566 5117 per
585 5053 703 5103 Airiosm
717 5053 875 5102 lastinianus
894 5052 1028 5100 constituit
1047 5049 1087 5111 (Ο.
1100 5050 1164 5099 Iust.
1180 5053 1205 5111 1,
1218 5052 1262 5111 st,
1278 5048 1312 5111 9),
1334 5049 1403 5115 quod
1424 5049 1581 5099 domesticus
1599 5049 1687 5110 abeat,

349 5145 446 5194 sactum
466 5159 522 5194 1111
540 5151 624 5207 potest
642 5143 675 5193 ad
694 5145 825 5209 impensas
845 5143 990 5193 officiorum
1009 5141 1171 5192 minuendas.
