3574 5942
354 407 427 482 136
937 428 1122 481 nouusnn

349 619 406 661 nus
427 606 579 678 tuqeoaas,
606 610 638 659 nt
660 601 725 676 ipse
752 601 795 660 ait
825 600 890 676 (19,
911 600 939 675 8,
961 601 1009 677 6),
1039 611 1127 660 nutus
1154 621 1180 660 c.
1200 621 1226 660 a.
1244 603 1304 661 330
1330 610 1481 680 protector
1508 602 1689 662 domesticus

352 701 417 780 (15,
434 705 463 776 5,
478 701 533 780 22)
556 723 607 780 per
630 723 656 761 a.
674 703 841 761 353-357
867 703 966 761 officia
987 703 1107 780 publica
1127 711 1270 762 executus
1293 715 1348 762 est.

396 803 480 878 Quos
504 823 597 882 snpra
619 803 757 881 adlegavi
779 805 894 862 nobiles
918 812 989 863 sunt
1011 805 1134 881 originis
1156 806 1321 865 Romanae.
1370 805 1440 863 Pari
1470 805 1559 864 modo
1588 807 1690 864 alieui-

353 925 456 984 genus,
480 905 647 965 Germanus
670 905 798 964 maxime
820 906 940 964 labente
963 907 1085 965 saeculo
1109 907 1244 965 militiam
1265 907 1430 965 Romanam
1454 907 1624 985 suscepisse
1646 909 1691 966 in·

356 1009 433 1086 signi
456 1007 594 1082 exemplo
617 1006 750 1064 declarat
776 1007 879 1065 titulus
903 1008 1099 1067 Treverensis
1122 1027 1150 1066 n.
1169 1009 1216 1066 35.
1265 1009 1297 1067 Is
1323 1010 1402 1068 enim
1431 1009 1535 1085 quinto
1562 1009 1692 1068 tortasse

355 1110 485 1180 saeculo,
508 1118 587 1167 certe
609 1127 668 1166 non
691 1115 760 1165 ente
775 1117 914 1184 quartum
937 1112 1055 1186 positus
1078 1119 1124 1167 est
1139 1110 1324 1169 adulescenti
1345 1130 1384 1170 ex
1406 1119 1493 1189 gente
1515 1110 1691 1188 regiuBnr·

353 1212 535 1288 gundiocam
562 1205 727 1285 oriundo¹)
756 1208 911 1284 Hariulfo,
939 1213 988 1288 qui
1012 1212 1167 1270 defunctus
1189 1223 1236 1270 est
1257 1220 1409 1289 protector
1430 1211 1611 1272 domesticus
1637 1231 1691 1269 en·

354 1333 426 1372 num
448 1330 541 1389 agens
563 1312 737 1370 vicesimum
761 1312 897 1388 primum.
934 1311 1021 1370 Multi
1044 1314 1108 1372 eine
1130 1312 1220 1372 dubio
1243 1333 1280 1371 ex
1299 1311 1460 1373 Germanis
1476 1314 1506 1372 in
1522 1313 1692 1390 republica

355 1414 493 1473 Romana
515 1433 617 1473 eorum
644 1423 810 1489 temporum
834 1431 965 1472 summos
988 1414 1117 1473 honores
1144 1415 1289 1474 militares
1312 1415 1464 1474 adsecutis
1486 1415 1578 1474 simili
1600 1415 1691 1474 modo

356 1535 409 1592 per
431 1525 662 1593 protectoratnm
686 1533 808 1574 cursum
831 1516 978 1573 honorum
999 1515 1129 1593 ingressi
1151 1525 1228 1574 suut.

398 1617 465 1676 Hoc
492 1617 581 1675 modo
609 1617 647 1674 ad
675 1623 907 1692 protectoratum
936 1617 1030 1676 evecti
1057 1636 1123 1676 curu
1149 1618 1207 1675 iam
1232 1617 1437 1678 Valentiniani
1463 1619 1528 1697 lege
1556 1619 1609 1677 illa
1636 1639 1693 1695 pro

355 1719 420 1777 loco
443 1720 668 1796 quinquagenos
696 1719 809 1777 solidos
836 1720 952 1778 solvere
979 1720 1150 1777 iuberentur
1176 1720 1394 1796 protectoribus
1421 1722 1570 1780 veteranis
1597 1723 1706 1797 gratis¹

356 1820 518 1897 creatis²>,
546 1831 778 1880 consentaneum
805 1831 850 1879 est
872 1829 1005 1897 tempore
1031 1822 1210 1898 procedente
1239 1832 1398 1880 veteranos
1429 1831 1611 1899 protectores
1640 1843 1694 1882 ex·

356 1923 485 1982 olevisse
517 1931 548 1981 et
579 1931 811 1997 protectoratum
845 1923 980 1980 venalem
1016 1922 1127 1982 fectum
1161 1943 1220 1982 non
1254 1931 1314 1981 tam
1346 1924 1502 1982 nobilitate
1534 1932 1564 1982 et
1594 1927 1696 2000 gratis

355 2023 454 2100 parari
478 2043 566 2100 quam
597 2025 732 2100 pecunia.
780 2024 841 2082 Res
863 2041 921 2098 quo
949 2025 1117 2100 pervenerit
1143 2025 1264 2083 saeculo
1292 2033 1391 2096 sexto,
1421 2026 1531 2084 diserte
1558 2025 1696 2102 explicat

356 2125 523 2200 Procopius
549 2124 620 2182 hist.
643 2144 703 2182 arc.
728 2123 780 2183 24:
812 2115 863 2182 riri
885 2113 915 2181 δὲ
937 2117 984 2182 nal
1005 2115 1089 2208 ἕτεροι
1115 2127 1167 2184 τῶν
1194 2123 1222 2182 ἐν
1248 2133 1378 2201 acharius
1407 2128 1508 2202 πολλῷ
1533 2118 1696 2208 ἀξιώτεροι,

357 2218 417 2283 ἐπεὶ
439 2215 485 2283 noi
509 2218 593 2282 caelu
616 2218 646 2282 rd
670 2217 802 2295 δημᾶσιον
824 2223 920 2288 αὐτοῖς
940 2230 1078 2311 χορηγεῖν
1105 2221 1223 2294 εἴωθεν,
1248 2218 1299 2284 rire
1327 2217 1374 2284 uel
1401 2220 1484 2298 αεῖζω
1505 2224 1696 2286 κατατιὸεῒσι

356 2329 409 2384 τοῦ
430 2327 481 2395 τῆς
502 2320 651 2408 στρατείας
673 2318 810 2396 ὅνὸματος
836 2322 873 2384 rei
902 2319 1061 2398 τιμήματα,
1087 2317 1111 2385 oi
1137 2323 1171 2398 dr)
1200 2319 1359 2396 duaiarruoi
1380 2351 1411 2385 rs
1436 2319 1484 2385 uui
1509 2319 1697 2412 προτῆκτορες

357 2427 556 2486 ἔπικαλοῦνται
584 2418 631 2484 uui
661 2418 806 2485 α’νὲκαθεν
836 2418 1003 2498 ἇμελὲτητοῖ
1027 2429 1078 2487 eius
1104 2420 1244 2496 πολεμίων
1275 2421 1382 2510 ἔργων·
1414 2420 1528 2509 τάξεως
1555 2423 1614 2510 ‹yoip
1648 2421 1699 2488 nal

357 2522 510 2609 apertiora
533 2519 613 2586 ἕνεκα
636 2519 718 2596 μένον
739 2527 767 2585 ἐν
787 2522 917 2606 raherius
945 2522 1072 2588 εἰώθασι
1098 2522 1331 2608 καταλέγεσθαι.
1379 2531 1415 2589 Id
1442 2549 1508 2589 cum
1536 2549 1553 2588 a
1579 2532 1695 2591 calum·

358 2631 475 2690 uiatore
501 2632 670 2707 proferatur
693 2632 762 2689 licet
787 2651 846 2690 non
873 2652 928 2709 pro
956 2633 1104 2709 vituperio
1134 2633 1347 2710 (lustiuianum
1374 2633 1451 2691 enirn
1477 2651 1537 2690 non
1562 2633 1601 2690 ob
1628 2653 1697 2692 cor·

360 2743 477 2810 ruptum
500 2733 634 2791 militiam
659 2732 862 2808 reprehendit,
896 2732 949 2790 sed
971 2734 1008 2792 ob
1034 2732 1135 2792 debita
1157 2734 1301 2793 militibus
1322 2735 1383 2793 illis
1413 2733 1560 2811 stipendia
1588 2735 1698 2795 fraude

359 2834 554 2911 intercepta),
591 2853 693 2892 verum
726 2851 793 2892 esse
825 2832 909 2908 ipsae
946 2834 1028 2912 leges
1064 2834 1224 2893 declarant.
1282 2835 1330 2894 Ita
1361 2836 1497 2894 Iustinus
1532 2836 1698 2913 imperator

361 2934 411 3010 (0.
428 2937 502 2994 lust
520 2934 548 3008 2,
572 2934 600 3007 7,
624 2933 672 3009 25,
696 2935 729 3011 3)
752 2935 888 2994 beneficii
912 2953 1002 2994 cansa
1023 2935 1088 2994 fisci
1111 2941 1244 3011 patronis
1265 2937 1312 2995 ius
1334 2937 1437 2995 tribuit
1457 2937 1586 3014 siugulis
1606 2941 1698 2998 annis

360 3036 544 3114 singulorum
569 3037 797 3095 domesticorum
824 3037 959 3114 equitum
986 3037 1178 3114 peditumque
1203 3039 1466 3109 nominandorum,
1494 3048 1526 3098 nt
1551 3057 1607 3115 pro
1636 3042 1697 3100 sin-

359 3139 438 3216 gulis
461 3138 531 3196 bina
554 3137 718 3196 s'olidornm
742 3138 823 3196 milia
844 3133 991 3213 ‘nihilque
1013 3135 1155 3216 umplins'
1177 3139 1335 3199 comitibus
1358 3159 1459 3200 eorum
1484 3139 1667 3215 dependant.

402 3238 588 3316 Stipendium
613 3239 771 3314 protectori
794 3240 887 3299 multo
910 3239 1022 3317 largius
1044 3241 1145 3300 datum
1169 3259 1340 3316 essequam
1357 3243 1499 3302 militibus
1514 3241 1641 3318 reliquis
1658 3263 1698 3301 ex
1778 3245 1779 3248 ’

361 3341 561 3417 supradictis
583 3340 732 3418 colligitur
753 3349 783 3400 et
804 3361 843 3400 ex
864 3343 933 3418 ipsa
955 3361 986 3400 re
1013 3343 1087 3400 satis
1111 3352 1200 3418 patet.
1236 3343 1402 3418 Antiquam
1426 3343 1606 3420 stipendium
1631 3364 1698 3404 ses·

359 3444 478 3502 tertium
511 3443 691 3500 ducenorum
718 3451 747 3500 et
774 3443 872 3518 ipsum
899 3443 1025 3502 fortasse
1053 3444 1236 3519 aliquamdiu
1262 3444 1380 3502 duravit
1407 3455 1440 3503 ut
1465 3445 1573 3502 durare
1596 3448 1698 3520 potuit

359 3565 393 3604 re
414 3544 583 3604 nummaria
604 3551 667 3600 tota
689 3551 814 3614 mutata,
842 3544 955 3603 scilicet
975 3546 1007 3603 in
1029 3544 1181 3622 dignitatis
1204 3545 1378 3604 vocabulum
1401 3563 1587 3606 conversum.
1635 3548 1699 3607 Diu
1778 3559 1779 3562 ’

361 3655 461 3706 tamen
483 3666 521 3705 ne
542 3647 596 3703 hoc
619 3645 739 3720 quidem
762 3645 889 3718 mansit3
912 3665 981 3704 narn
1004 3647 1168 3722 posteriore
1190 3654 1287 3706 aetate
1309 3655 1495 3722 protectores
1517 3647 1699 3708 ducenario-

359 3768 425 3808 rum
448 3749 594 3806 vocabulo
617 3747 746 3824 amplius
768 3766 827 3804 non
846 3756 977 3806 utuntur.
1014 3748 1050 3807 Id
1065 3748 1142 3808 redit
1156 3748 1264 3824 opinor
1278 3749 1547 3808 ad'iustitutionem
1564 3749 1699 3810 fortasse

362 3847 532 3909 Constantii
555 3849 676 3908 scholae
699 3849 848 3926 agentium
872 3849 902 3907 in
918 3851 1015 3923 rebus,
1039 3850 1084 3908 cui
1107 3860 1137 3909 et
1151 3868 1222 3927 pars
1238 3851 1405 3910 officiorum
1421 3851 1532 3909 tradita
1546 3861 1593 3910 est
1605 3863 1702 3910 antea

365 3987 570 3998 —----·

421 4068 444 4132 ¹)
464 4068 571 4136 Reqalr'c
592 4070 674 4134 qeutis
693 4067 908 4136 Burquudioaum,
928 4071 956 4120 id
975 4071 1045 4136 quod
1064 4071 1090 4120 in
1110 4071 1185 4120 titulo
1205 4071 1305 4135 legitur,
1325 4070 1465 4136 respondet
1483 4071 1547 4120 loeis
1562 4071 1701 4122 Ammiani

363 4163 411 4223 16,
438 4163 483 4223 12,
511 4163 544 4210 23
564 4176 630 4226 seq:
659 4159 796 4211 ductabant
814 4161 925 4228 populos
948 4161 1129 4222 (Alamannos)
1158 4159 1345 4212 Cbnodomaruc
1368 4169 1392 4212 et
1415 4159 1523 4228 Serapio
1547 4162 1701 4213 excelsiores
1778 4163 1779 4224 ᾗ

362 4261 419 4302 aute
439 4253 505 4303 alios
523 4268 595 4318 reqes
618 4287 645 4302 ..
670 4251 715 4302 Iros
739 4251 903 4319 sequebantur
921 4259 1047 4320 potestate
1065 4254 1180 4320 proximi
1200 4269 1272 4318 reqee
1295 4268 1394 4303 numera
1418 4255 1524 4320 quicque
1547 4253 1700 4321 requiesque
1778 4253 1779 4328 l

361 4345 442 4396 decem
461 4351 484 4393 et
504 4345 646 4410 optimatum
666 4345 744 4394 serres
762 4361 854 4410 moqno
875 4352 1074 4410 armatorumque
1098 4344 1170 4394 milia
1195 4346 1301 4410 triqr'uto
1320 4351 1344 4394 et
1366 4345 1472 4410 quinque
1501 4344 1631 4406 (similiter
1655 4349 1699 4409 17,
1778 4371 1779 4376 =

361 4439 403 4496 12,
419 4434 449 4485 9:
471 4433 824 4502 Zizuiretiomtumreqaleh.
857 4437 897 4497 18,
913 4439 938 4497 2,
957 4437 1003 4486 132
1023 4451 1095 4501 reque
1114 4451 1195 4488 amires
1214 4443 1237 4486 et
1256 4435 1392 4502 requiscet
1405 4435 1511 4500 requies.
1545 4439 1698 4500 27,1o,1:

361 4527 748 4592 Alaruouausreqolr'sllundo
772 4528 882 4588 nomiue5
910 4527 1148 4590 ct.17,13,24).
1193 4529 1313 4592 Explicat
1337 4527 1490 4578 vocobulum
1512 4531 1700 4593 grammaticus
1778 4541 1779 4570 l

361 4620 394 4669 ds
414 4618 565 4668 differentiis
580 4619 650 4683 apud
663 4619 798 4684 Hagenum
817 4621 907 4670 anecd.
923 4621 1023 4670 Heluet.
1042 4635 1067 4684 p.
1080 4621 1146 4670 277:
1166 4621 1231 4670 inter
1249 4635 1330 4686 reqem
1349 4625 1374 4668 et
1391 4618 1500 4684 reqaleur
1519 4617 1565 4669 loc
1584 4621 1699 4680 interest,

361 4707 429 4775 quod
446 4709 531 4774 reqius
545 4724 612 4775 puer
631 4715 669 4758 eat
684 4700 810 4775 ‘reqolrb’,
834 4701 893 4760 ‘rer'
917 4711 961 4776 qui
978 4712 1044 4776 reqit
1062 4727 1165 4776 requam
1183 4711 1230 4774 (sic
1249 4711 1317 4760 enim
1338 4710 1415 4760 verba
1435 4711 1544 4775 legenda
1563 4719 1589 4760 et
1605 4713 1702 4762 distin-

362 4801 467 4865 guenda
495 4816 550 4850 esse
578 4809 686 4866 apparet
709 4801 740 4852 ab
770 4803 868 4853 editore
892 4818 981 4867 parurn
1007 4801 1154 4863 intellectu).
1203 4803 1242 4852 Cf.
1264 4803 1349 4852 Waltz
1378 4801 1494 4852 deutsche
1516 4799 1699 4869 Versaasuuqs-
1778 4799 1779 4886 l

362 4889 503 4956 qercltichte
523 4890 554 4941 1²
577 4909 602 4956 p,
617 4894 679 4944 305.

419 4980 444 5043 ²)
465 4982 542 5034 Redit
560 4985 642 5047 idem,
667 5001 725 5034 cunt
744 4991 902 5050 protectores
922 4987 956 5036 ad
975 4987 1089 5038 officium
1109 4993 1304 5052 promoventur:
1330 4987 1459 5037 ueteranis
1477 4985 1553 5036 datur
1571 4988 1699 5048 immune,

361 5089 378 5123 a
396 5077 522 5138 promotis
540 5077 625 5140 qratia
645 5077 673 5139 (ii
693 5078 761 5126 enim
781 5084 869 5143 aperte
888 5077 1080 5144 intelleguntur)
1101 5079 1231 5145 sportulae
1252 5081 1391 5144 exiguntur
1410 5079 1451 5141 (O.
1465 5079 1514 5130 Th.
1530 5079 1556 5141 7,
1577 5080 1620 5140 20,
1645 5080 1703 5142 13).
1778 5059 1779 5104 i
