3574 5942
187 1744 754 1862 enuntiationes
818 1741 1331 1856 EPIGRAPHIOAE.

229 2227 382 2287 XXXIV.
428 2225 704 2287 OFFICIALIVM
725 2224 781 2284 ΕΤ
804 2223 989 2283 MILITVM
1010 2223 1286 2285 ROMANORVM

405 2365 639 2419 sanncRnTA
659 2365 734 2416 DVO
755 2363 1105 2416 CARTHAGINIKNSIA.

143 2540 274 2616 Epistula
300 2540 475 2599 colonorum
503 2540 598 2599 saltus
621 2538 800 2598 Burunitaui
822 2538 860 2596 ad
886 2533 1118 2613 commodum)
1151 2557 1245 2615 nuper
1270 2542 1300 2596 iu
1323 2538 1427 2597 Africa

110 2641 249 2701 eruderate
270 2660 338 2701 oum
359 2643 439 2700 inter
459 2641 520 2699 alia
541 2641 696 2719 complura
714 2658 769 2699 nos
785 2639 937 2698 docuisset
951 2649 1175 2715 procuratorem
1191 2637 1331 2700 Caesaris
1347 2641 1427 2698 Afri·

111 2761 153 2800 cae
172 2751 278 2802 tractus
300 2743 564 2820 Karthaginiensis
591 2752 621 2801 et
642 2742 743 2802 sedem
769 2741 910 2800 habuisse
930 2741 1118 2819 Karthagine
1143 2751 1173 2800 et
1199 2741 1426 2817 tabularium2),

109 2852 205 2904 renota
228 2864 306 2904 anuo
326 2845 403 2906 1881
433 2845 470 2903 ad
493 2845 591 2920 ipsam
612 2843 830 2921 Karthaginem
854 2843 1023 2918 sepulcreta
1045 2845 1102 2903 duo
1125 2845 1190 2903 eius
1212 2843 1352 2902 tabularii
1375 2843 1426 2902 ad·

109 2947 281 3006 ministrandi
303 2947 436 3024 aliquam
458 2947 618 3024 imaginem
635 2947 723 3004 nohis
740 2945 1013 3023 suppeditaverunt,
1036 2963 1126 3020 quam
1141 2947 1197 3004 hoo
1212 2945 1290 3017 loeo,
1313 2945 1427 3005 seilicet

109 3047 133 3104 in
151 3049 258 3128 sylloge
278 3047 382 3108 Caroli
401 3046 509 3108 Graux
527 3049 689 3107 memoriae
708 3047 900 3107 honorandae
920 3047 1117 3123 destinata³),
1139 3047 1334 3106 enarrandam
1352 3048 1426 3107 mihi

109 3151 220 3228 sumpsi,
239 3151 322 3227 quod
346 3157 481 3210 versatur
501 3168 549 3209 res
572 3150 603 3208 in
626 3157 707 3210 statu
729 3150 852 3226 antiquo
874 3167 942 3208 oum
957 3148 1077 3208 Africae
1099 3149 1189 3209 hodie
1204 3147 1342 3209 Gallicae
1364 3157 1426 3208 tunt

110 3248 216 3312 Galliae
235 3252 339 3328 ipsius.
377 3249 457 3310 Nam
479 3251 712 3329 privilegiorum,
735 3252 844 3327 quibus
867 3251 1093 3328 inscriptionum
1108 3250 1283 3310 Latinarum
1305 3269 1426 3311 enarra·

109 3364 179 3412 tores
200 3361 329 3426 utuntur,
351 3371 412 3412 nou
435 3353 571 3412 ultimum
594 3354 651 3411 hoo
673 3361 729 3425 est,
755 3353 834 3428 quod
858 3360 1065 3430 argumentum
1088 3353 1216 3429 siquod
1238 3361 1374 3424 tractant,
1395 3354 1427 3412 id

110 3454 192 3514 doctis
210 3456 329 3532 quidem
352 3455 490 3514 omuibus
512 3473 669 3514 commune
691 3463 751 3528 est,
779 3455 832 3514 sed
859 3454 937 3514 idem
965 3465 1056 3531 prout
1080 3473 1129 3514 rea
1154 3455 1257 3528 incidit
1283 3455 1352 3514 huie
1379 3455 1427 3514 vel

109 3555 146 3612 iili
165 3557 271 3616 ustioni
294 3559 391 3634 magis
413 3555 567 3633 proprium
589 3564 619 3614 et
639 3558 862 3633 quodammodo
884 3557 1030 3633 patrium3
1060 3575 1154 3632 neque
1180 3556 1321 3616 abhorret
1348 3557 1426 3615 eins·

110 3658 179 3716 modi
198 3657 358 3736 disputatio
381 3655 483 3718 Gallis
511 3659 699 3735 potissimum
725 3679 744 3717 a
766 3655 917 3718 Germano
944 3659 1092 3717 destinata
1119 3677 1137 3714 a
1163 3659 1308 3716 memoria
1333 3658 1427 3716 hono-

109 3757 192 3818 randa
209 3760 271 3818 siue
294 3760 362 3831 viri,
384 3760 436 3836 qui
456 3779 512 3837 per
533 3759 625 3818 vitam
645 3766 678 3818 ut
692 3761 812 3819 brevem
828 3769 857 3818 et
870 3759 1065 3832 laboriosam,
1088 3760 1130 3818 ita
1143 3759 1248 3818 utilem
1264 3768 1294 3818 et
1309 3761 1427 3835 plenam

110 3869 249 3938 utrumque
271 3861 339 3938 pari
360 3860 505 3938 religione
527 3862 623 3920 tenuit
644 3871 674 3920 et
695 3861 776 3920 cives
799 3879 855 3920 nos
879 3879 943 3921 esse
962 3863 1009 3920 sui
1024 3879 1171 3938 quemque
1186 3861 1289 3939 populi
1306 3869 1334 3920 et
1348 3861 1428 3920 litte·

110 3979 196 4020 rarum
215 3963 429 4022 humanitatem
451 3963 542 4023 nullis
565 3963 783 4022 territoriorum
804 3963 915 4022 fluibus
939 3963 1094 4023 ooutiueri.

112 4093 299 4108 *¹*-

160 4163 184 4236 ¹]
200 4169 323 4234 c.v111‚
344 4173 442 4223 10570.
486 4173 557 4223 Aere
581 4187 728 4238 expressam
748 4175 884 4239 proposuit
903 4173 1013 4226 Carolus
1032 4173 1121 4224 ‘lissot
1146 4169 1259 4240 Comptes
1281 4171 1374 4223 raudus
1398 4171 1428 4224 de

111 4252 253 4313 t'aearaae
271 4263 316 4314 eles
332 4264 498 4332 insumptioua
516 4271 540 4314 et
559 4263 740 4317 ballea-lettres
761 4267 832 4316 1880
851 4281 878 4330 p.
893 4264 935 4316 80.
973 4266 1216 4330 Interpretatiouem
1236 4265 1296 4316 dedi
1317 4266 1428 4316 Hamae

111 4351 154 4400 rol.
168 4354 213 4404 XV
231 4357 325 4418 (1880)
345 4373 371 4422 p.
386 4357 541 4407 aee-411.
561 4358 716 4408 tte-480.

160 4441 183 4504 ¹)
199 4447 290 4498 Coloni
309 4449 343 4498 ad
359 4449 541 4513 imperatorem
559 4449 596 4499 sio
609 4449 724 4499 scribunt
737 4450 793 4512 3,9
814 4464 881 4516 seq.:
904 4457 931 4499 at
949 4465 975 4499 ee
994 4447 1085 4500 hahent
1104 4447 1185 4500 littere
1202 4447 1425 4516 praecantorum),

111 4550 167 4598 qaue
183 4545 234 4588 aaut
250 4539 277 4589 in
296 4537 450 4604 t[ab]ulario
471 4547 512 4590 tuo
531 4546 628 4591 tructus
639 4537 893 4608 Kartha9(inieuaia).
922 4541 987 4591 Dixi
1001 4541 1033 4591 de
1046 4541 1255 4606 procuratoribus
1268 4541 1308 4591 his
1323 4543 1352 4592 0.
1361 4543 1428 4592 VIII

112 4629 182 4686 inei.
199 4631 323 4694 van.
1173 4643 1178 4652 '

161 4715 184 4779 ³)
201 4720 404 4773 Commentarius
423 4724 532 4789 scriptus
551 4724 601 4774 fuit
623 4727 772 4774 inserendus
797 4725 911 4790 syllegae
934 4739 1010 4790 quam
1034 4724 1129 4790 egregii
1155 4726 1203 4775 1111
1226 4725 1314 4776 Caroli
1338 4725 1429 4776 Graux

111 4825 183 4874 nuper
198 4813 331 4865 immatura
351 4823 433 4865 morte
453 4817 528 4867 nohis
551 4817 631 4881 erepti
655 4817 796 4867 memoriae
815 4817 928 4868 Parisiui
952 4824 977 4866 et
1002 4817 1130 4881 peregrini
1155 4818 1230 4866 amici
1254 4818 1309 4867 eius
1333 4822 1359 4866 et
1383 4818 1429 4868 ad-

112 4901 232 4956 miratores
249 4907 441 4958 dedicaverunt.
475 4908 609 4974 Repetitur
628 4908 677 4958 hoo
696 4907 754 4958 loeo
773 4915 879 4974 propter
898 4909 962 4959 duas
981 4923 1080 4970 causas,
1101 4923 1158 4958 eum
1174 4909 1243 4974 quod
1257 4924 1349 4974 corpus
1365 4909 1429 4960 iilud

113 4999 240 5057 menti
257 4997 365 5049 miseeiii
384 4999 418 5049 ad
438 4999 531 5050 horum
551 5000 695 5050 studiorum
715 5001 825 5051 orultores
844 5015 934 5052 omues
952 5017 1005 5051 uon
1025 5005 1206 5067 perventurum
1226 5007 1273 5062 est,
1293 5007 1346 5051 tum
1360 5001 1430 5066 quod

113 5093 165 5148 post
180 5089 292 5154 seriptum
310 5092 523 5143 commentarium
542 5092 623 5143 altero
645 5092 788 5158 sepulcreto
811 5093 942 5158 patefacto
968 5093 1034 5143 tituli
1057 5093 1171 5144 eiusdem
1195 5094 1340 5159 argumenti
1360 5109 1429 5144 com·

113 5175 189 5238 ihm
205 5189 368 5235 marunt-
